2438 4426
535 278 719 365 (156)

147 464 221 519 tare
244 466 364 538 partem
385 472 450 525 narr
472 459 616 544 cuiquam
643 465 811 549 impartiri:
834 468 911 536 fider
936 472 1019 539 enim
1032 475 1100 542 eius

145 556 343 629 solummodo
351 570 421 647 est,
442 565 498 675 qui¹
512 566 599 652 fidit,
610 587 712 654 neque
724 592 805 656 opus
813 572 1098 646 eatinrritoriumss’

387 784 391 793 '
459 776 786 866 ⁶.De1>urgat0rro.

194 1030 216 1064 „
235 984 343 1053 Nescit
364 986 520 1071 Scriptura
543 990 578 1057 S.
604 989 694 1056 istum
712 993 961 1076 purgatorium.''
1000 1042 1022 1076 „
1049 998 1095 1066 E·

147 1091 346 1177 terrimo),
384 1094 439 1176 qui
470 1095 502 1161 in
532 1093 693 1163 Christum
725 1098 845 1176 credit,
881 1117 945 1164 non
974 1099 1096 1166 damna·

141 1204 218 1270 tur,
245 1193 295 1259 sed
318 1196 418 1263 salvus
443 1200 516 1276 fiet,
538 1213 569 1264 et
587 1202 651 1265 duo
672 1214 790 1266 tantum
815 1201 884 1267 sunt
907 1205 998 1285 loca,
1029 1224 1095 1287 quo

140 1296 256 1363 mortui
271 1313 448 1382 transeunt,
474 1305 601 1369 alterurn
619 1305 800 1382 beatorum,
820 1306 1032 1372 damnatorum
1053 1310 1097 1373 al-

138 1400 280 1469 -reru'm,’‘
300 1404 410 1472 Marc.
433 1407 483 1473 16.
500 1407 608 1475 Ioann.
629 1428 658 1490 3.
683 1424 713 1489 5.
731 1407 821 1472 Rom.
846 1413 876 1474 8.
895 1412 1016 1479 Matth.
1037 1433 1092 1495 24.

143 1510 164 1573 ἰ
182 1506 284 1590 Thess.
298 1530 332 1592 4.
352 1510 432 1577 Luc.
454 1515 503 1578 16.

184 1612 274 1700 Quae
290 1630 390 1682 autem
402 1636 460 1697 pro
478 1615 660 1682 vindicando
685 1615 781 1679 hocce
801 1614 912 1696 placito
932 1616 1095 1682 adducun-

139 1727 193 1779 tur
219 1718 288 1780 loca
311 1718 347 1782 S.
380 1720 486 1798 Cod.‚
507 1719 619 1784 nullam
644 1718 770 1801 prorsus
789 1718 938 1800 probandi
957 1716 1018 1784 vi‘m
1034 1719 1093 1786 ha·

138 1816 228 1883 beat.
271 1819 352 1885 Sunt
365 1836 467 1909 autem
481 1821 603 1888 Marta.
622 1839 654 1904 5.
673 1822 763 1905 (sect.
780 1824 849 1907 25)·
884 1822 1010 1887 Maur.
1035 1827 1089 1892 18.

136 1919 231 2005 (sect.
266 1944 317 2008 34.
352 1916 423 2010 3'5.)
453 1927 576 1993 Matth.
613 1948 664 1994 12.
688 1927 780 2012 (sectss
810 1927 1089 2009 31.quacumcf.

138 2024 248 2096 Marc.
269 2049 299 2116 3.
313 2031 395 2100 Luc.
421 2034 492 2118 12.)
510 2054 525 2101 1
546 2034 617 2101 Cor.
640 2054 669 2116 3.
694 2034 786 2118 (sect.
805 2033 932 2115 12·15.)
949 2031 1017 2098 alia.

550 2244 676 2328 §var

472 2454 524 2519 De
542 2453 752 2537 Magistrum.

174 2658 272 2746 Quod
292 2657 514 2742 zuinglius
534 2657 702 2740 fingulatim
723 2655 812 2722 etiam
834 2658 873 2722 de
895 2659 1087 2742 magistrata

131 2775 258 2845 ageret,
290 2761 388 2827 ansam
425 2764 572 2829 dederunt
595 2760 742 2844 dissidia,
781 2781 914 2844 quorum
940 2779 1086 2830 auctores

131 2864 220 2934 fuere
235 2869 467 2951 Arrabaptistae.

157 2974 283 3041 ¹Bonus
297 2972 374 3039 civis
389 2972 452 3039 erse
468 2971 538 3056 quir
551 2984 675 3054 potest,
696 2989 753 3038 nec
767 2985 868 3038 tamen
876 2974 978 3039 bonus
986 2971 1085 3037 chria·

134 3080 250 3148 timus.
297 3128 318 3162 „
336 3078 430 3148 Nulla
448 3082 584 3162 (autem)
612 3077 718 3143 civitas
745 3076 860 3142 beatior
885 3077 961 3154 etita
992 3094 1084 3154 quam

135 3184 171 3251 in
182 3206 246 3268 qua
260 3206 332 3252 vera
343 3183 466 3266 Religio
482 3181 568 3248 fimul
583 3181 678 3263 degit.
700 3215 729 3232 -
749 3180 866 3267 Quodsr
889 3183 1023 3244 membra
1041 3178 1084 3244 fic

137 3289 250 3357 habere
262 3289 428 3370 convenit,
447 3289 545 3351 multo
559 3285 654 3368 magis
672 3298 764 3368 caput
783 3282 876 3347 istum
893 3282 1002 3367 (idest
1016 3302 1086 3347 ma·

133 3394 317 3479 gistratr'rs).
331 3410 374 3446 ’-
392 3391 523 3470 Aequus
547 3409 581 3455 ac
604 3390 704 3454 iustus
734 3387 927 3468 magistratus
950 3405 994 3467 ae
1017 3384 1084 3449 esse

135 3498 261 3581 quidem
280 3506 405 3578 potest,
426 3494 459 3560 ni
472 3495 654 3562 christianus
668 3491 745 3560 stt.”
783 3490 879 3573 Opus
895 3491 957 3557 asse
972 3490 1086 3556 civita·

134 3602 181 3685 ti,
202 3601 258 3687 qui
281 3618 353 3667 rem=
370 3611 449 3665 bene
474 3613 596 3683 gerant,
621 3599 788 3679 iisdemque
810 3599 1084 3682 obtemperandum

692 3724 696 3737 ·
827 3724 831 3731 ·
1035 3719 1086 3769 es·

142 3825 847 3913 ·()r12ecexAnaroaarr.rmreruma
924 3860 926 3865 ·
