2438 4426
606 354 788 444 (ιω)

262 746 325 816 inm
342 752 382 814 tx
398 744 493 830 ipfius
517 746 619 813 Zuin
629 749 703 830 glii
719 769 775 815 ore
789 749 855 815 eiua
869 747 1072 831 cognovimus
1088 751 1168 817 doc·

219 851 340 921 trinam.
382 850 488 921 Fufius
502 849 582 916 forte
594 853 626 917 in
642 873 681 919 eo
696 854 833 932 fuimus,
855 873 945 934 quam
961 852 1060 918 ferant
1084 855 1167 919 fines

215 954 463 1036 Dissertationis3
498 970 546 1023 ast
578 973 706 1040 propter
741 955 783 1022 rei
808 971 996 1023 momentum
1018 960 1050 1021 in
1077 959 1166 1024 illius

217 1058 371 1124 doctrinae
394 1055 581 1140 expofitione
603 1075 741 1126 accurate
773 1075 805 1125 et
824 1061 954 1127 dilucide
980 1062 1164 1128 versandum

215 1159 281 1225 etse
304 1161 489 1241 putavimus.
535 1163 622 1246 Quae
644 1183 717 1228 vero
749 1164 834 1229 hince
861 1163 961 1230 deesse
982 1165 1163 1245 videantur,

215 1260 302 1329 facile
317 1280 418 1328 meme
430 1263 554 1346 concipi
568 1264 710 1346 possunt.

336 1488 596 1557 ,capon
653 1488 1008 1577 Quaerum

213 1732 391 1785 'rnuouool
412 1732 599 1809 numm,
629 1734 691 1796 Qui
717 1734 756 1781 ln
786 1734 1013 1782 umuuuuums
1036 1733 1156 1784 sncuts

407 1858 500 1906 ΟΡΕΜ
523 1859 718 1906 TULERUNT
743 1854 969 1906 zumulo·

476 2067 885 2119 ἠῢν-ᾳ...-

209 2181 412 2328 Hactenus
427 2256 524 2342 ipsum
541 2254 642 2322 Zuin
652 2252 707 2336 gli
717 2274 774 2321 um
796 2255 1042 2325 Reformatorem
1061 2259 1153 2326 nobis

209 2350 447 2448 proposuimus)
469 2359 642 2446 ipsamque,
656 2352 754 2439 ¹quam
772 2358 926 2440 instituit,
948 2362 1155 2430 Reformatio·

210 2485 293 2536 nem.
327 2466 463 2546 Verum,
477 2465 559 2531 dicat
578 2462 658 2528 forte
674 2462 803 2544 aliquis,
825 2467 913 2547 plura
931 2485 1058 2548 eorum,
1075 2486 1153 2549 quae

209 2568 404 2647 memorasti,
425 2588 489 2635 non
505 2569 557 2634 uni
579 2565 801 2647 zuinglio,
823 2565 873 2631 sed
895 2566 961 2632 aliis
979 2569 1050 2634 item
1067 2556 1154 2636 The·

210 2670 312 2751 ologis
336 2669 403 2732 sunt
429 2668 606 2734 tribuenda:
630 2685 707 2746 quae
734 2665 801 2731 sane
826 2681 935 2751 negare
959 2689 1023 2738 non
1045 2672 1150 2740 aufim·

210 2776 322 2854 Neque
348 2784 448 2835 tamen
474 2771 521 2835 ilia
553 2774 590 2838 ad
621 2769 852 2836 imminuendam
888 2768 1153 2858 Zuingiianae

210 2872 451 2946 Reformationis
473 2874 536 2941 vim
560 2873 676 2956 aliquid
701 2875 813 2939 valent.
859 2875 975 2944 Omnes
1001 2882 1081 2946 enim
1099 2866 1152 2948 iis.

210 2982 280 3049 dem
295 2978 401 3047 imbuti
417 2977 541 3045 fuerunt
557 2978 683 3057 studiis,
705 2979 891 3062 eandemque
914 2981 1051 3048 universe
1065 2982 1154 3048 indo·

210 3090 268 3153 lem
308 3084 537 3167 expresserunt3
593 3081 814 3165 Zuininus
854 3077 928 3153 veio
963 3101 1151 3152 caeterorum

211 3190 446 3270 Theologomm
472 3190 535 3254 dux
559 3184 621 3254 fuit
651 3205 680 3252 et
707 3188 927 3272 antefignanus.
984 3192 1058 3278 Quo
1085 3208 1150 3254 rec·

208 3294 272 3359 tius
300 3292 391 3374 igitur
425 3292 568 3374 deinceps
591 3292 733 3359 iudicium
758 3295 949 3361 instituamus
982 3296 1019 3360 de
1048 3294 1151 3358 indole

207 3397 301 3480 ipsus
319 3393 580 3474 Reformationis‚
600 3416 618 3460 a
640 3397 837 3478 Zuinglio
856 3397 1029 3477 institutae,
1050 3396 1150 3461 videa-

209 3520 280 3567 mus
308 3514 449 3583 oportet,
470 3514 639 3583 quatenus‚
661 3500 715 3584 qui
738 3517 829 3581 opem
855 3499 882 3565 ei
912 3503 1070 3579 tulemnt,
1099 3516 1150 3564 ea·

1079 3605 1148 3669 dem

209 3787 239 3845 p.
260 3770 327 3842 483.
348 3775 438 3830 Sermo
449 3776 556 3848 prims
569 3771 676 3847 Bernae
694 3768 809 3830 habim
836 3770 894 3844 Op.
916 3769 952 3830 T.
975 3771 1013 3831 11.
1030 3788 1059 3845 p.
1082 3787 1150 3844 527.

207 3867 457 3946 nonium·
