2438 4426
515 226 686 313 ,(64)

131 410 279 493 Profecto
298 428 363 477 non
382 408 521 495 exiguam
540 426 650 477 cuncto
671 408 748 477 haee
764 411 832 477 vim
852 408 1067 479 habueruntu

130 517 355 585 informandum
379 513 578 599 Zuinglii
601 516 757 596 animum,
786 534 933 597 eumque
958 515 1067 583 extim-

133 624 229 703 dum,
246 640 278 689 ut
294 623 419 699 eedem,
435 640 525 701 quun
540 618 727 696 institueret,
749 617 876 684 ratione
891 620 1068 687 iarrdubiliter

132 750 169 795 ae
202 730 334 796 mascuie
354 740 506 809 pergeret.
550 722 645 809 Quod
671 742 771 789 autem
798 722 1010 789 Erasmus
1031 724 1067 789 ule
1112 722 1114 729 '

133 830 282 914 susceptis
314 830 377 895 eius
407 827 542 907 faveret,
572 828 647 893 illud
672 826 701 893 ei
723 826 884 894 stimulum
916 826 1068 911 addidisse,

135 939 228 1023 quis,
250 932 385 1017 quaeso,
405 949 470 997 non
489 930 598 998 videti
621 934 677 1019 (1)

177 1036 450 1105 verumenimvero
472 1056 562 1117 quem
578 1036 704 1105 summis
716 1054 818 1101 rerum
837 1032 1069 1103 Moderatum

133 1145 231 1225 magni
273 1140 347 1223 quid
388 1140 577 1209 efficiendum
616 1138 793 1219 destinauit,
814 1156 883 1205 non
916 1138 972 1205 ille
1012 1158 1069 1225 pro

132 1247 219 1329 spera
237 1244 352 1328 semper
367 1245 462 1311 utitur
485 1246 630 1329 fortuna;
651 1244 704 1313 sed
727 1243 897 1327 saepissime
915 1244 1069 1331 permulti

133 1369 302 1434 magnaque
323 1368 425 1417 rerum
448 1350 619 1418 discrimina
640 1351 678 1416 ad
699 1346 894 1433 propositum
914 1348 973 1417 fibi
990 1350 1071 1439 uddu-

133 1454 216 1523 citur
233 1454 389 1521 confilium
409 1472 438 1521 et
463 1456 566 1523 finem.
609 1454 654 1521 Ita
675 1454 753 1519 enim
772 1454 853 1519 vires
877 1454 1070 1533 periclitando

138 1580 299 1641 exercere,
328 1560 461 1626 animum
486 1580 559 1642 prae
584 1559 677 1624 rebus
699 1557 820 1624 caducis
842 1552 974 1639 efferre,
1009 1576 1071 1639 pru

137 1662 269 1728 dentiam
309 1664 492 1731 constantiae
523 1663 707 1747 coniungere
739 1662 839 1729 discit.
892 1660 985 1749 Quae
1013 1658 1072 1727 seue

960 1764 1073 1839 Zuiu·

136 1897 210 1954 alter
231 1898 290 1955 und
310 1915 391 1956 neuer
413 1898 482 1957 Uele·
507 1914 561 1956 zur
587 1893 721 1955 Beleuclrt·
744 1896 793 1954 der
814 1892 1017 1969 d's'relrengesclr·
1036 1890 1073 1951 der

137 1990 299 2053 Schueizerl·
323 1992 358 2053 V·
381 1996 460 2057 v111.
490 1989 616 2069 Inprimis
646 2007 737 2051 autem
768 1989 824 2049 vid·
843 1990 1073 2065 SchuIerp

141 2104 203 2165 127·
227 2091 285 2165 sm·

176 2182 230 2262 (1)
251 2186 363 2259 Operae
380 2186 501 2259 pretium
520 2198 564 2242 est
580 2184 736 2242 Erasini
755 2181 802 2239 hie
817 2176 960 2239 adducere
977 2178 1074 2253 epieto

138 2283 238 2349 tolum,
258 2280 291 2337 ad
313 2280 573 2349 zuinglium,
592 2272 989 2351 Phiupphumacrheohgune
1009 2291 1074 2335 cun·

132 2378 230 2452 primis
257 2372 410 2440 eruditum,
440 2368 496 2426 hoe
519 2382 646 2439 tempore
677 2369 790 2429 missam·
825 2370 872 2429 Sic
892 2368 953 2429 sese
977 2354 1080 2429 hebeti

138 2466 273 2527 Maiorem
291 2468 321 2523 In
335 2466 437 2523 modum
454 2480 497 2521 me
516 2462 659 2522 delectauit
678 2479 707 2523 et
727 2478 789 2524 tuus
809 2478 869 2525 tarn
890 2464 1076 2543 propensum

138 2580 180 2618 me
196 2564 317 2627 enirm,
328 2572 359 2618 et
383 2562 538 2617 litterarum
559 2569 671 2616 tuarum
685 2554 793 2633 festiva
813 2554 902 2619 iuxta'
917 2574 949 2619 et
969 2558 1078 2619 emin

136 2658 260 2725 argutia.
301 2653 404 2726 Quibus
413 2653 441 2731 fi
448 2667 548 2730 parum
566 2648 734 2725 respondero,
752 2670 803 2711 nen
820 2654 889 2713 mihi
902 2658 1081 2731 debes-rape·

138 2763 218 2816 tare3
233 2746 284 2818 fed
298 2746 365 2805 hisce
375 2748 524 2817 laboribus,
542 2764 680 2819 nunquam
697 2750 787 2820 opinor
794 2748 935 2819 struendis,
951 2762 1078 2827 perqw

137 2862 198 2903 eum
211 2841 398 2919 saepenumero
415 2860 491 2915 cogor
506 2841 558 2912 esse
570 2853 672 2915 pamm
690 2838 821 2897 hermeus
838 2845 867 2897 in
889 2862 947 2915 eos,
970 2852 1000 2904 in
1017 2858 1081 2921 ques

140 2943 247 2999 eninime
263 2939 359 3007 eelim,
375 2938 460 2993 inme
476 2934 560 3011 ipfiem
576 2948 667 2994 tamen
681 2933 744 3007 sum
754 2934 995 3015 inhumanissmms,
1009 2939 1082 3015 gend

139 3040 196 3096 eim
211 3034 385 3100 exhauriens,
404 3049 485 3105 quam
510 3051 542 3089 ne
565 3034 661 3106 quinta
691 3031 796 3105 quidem
820 3030 929 3104 sarciat
956 3034 1079 3107 essentie·

139 3133 345 3192 Lucubrationes
361 3140 464 3185 nostras
481 3130 539 3188 Tibi
549 3128 680 3203 probari,
699 3126 765 3185 Viro
782 3139 841 3186 tam
856 3128 988 3202 probato,
1006 3124 1081 3185 reue·

140 3237 245 3284 menter·
264 3223 367 3288 laetor,
395 3235 422 3282 et
447 3220 494 3281 boc
511 3220 578 3296 saue
607 3225 708 3281 nomine
738 3224 823 3279 minus
845 3218 913 3277 nrihe'
936 3218 1082 3296 dipem.

140 3318 273 3376 Gratulor
294 3312 436 3373 Helvetiae
457 3322 556 3386 Genti,
582 3322 655 3376 cetius
677 3320 779 3390 ingenio
794 3316 970 3392 pemliarirer
996 3318 1082 3373 etim

133 3410 231 3484 ferum,
249 3423 329 3481 quam
348 3408 385 3464 Tu
405 3410 502 3482 Tuique
512 3412 606 3484 fimiles
623 3414 727 3485 optimis
741 3413 826 3468 etiarn
838 3406 936 3481 studiis
951 3428 987 3469 ac
1004 3410 1082 3467 mori·

139 3507 205 3570 Irus,
227 3514 254 3558 et
268 3505 402 3576 exponetis
418 3516 447 3560 et
465 3504 650 3562 nobilr'tabite's.
672 3528 711 3547 ··
734 3528 770 3547 ···
792 3528 830 3546 -
852 3500 924 3572 Fac,
942 3507 981 3562 mi
998 3500 1084 3562 Hul-

140 3594 269 3663 drice‚
292 3610 325 3653 ut
347 3598 432 3653 obiter
449 3597 580 3653 colentum
599 3612 737 3675 exerceam
755 3598 883 3668 optimum
897 3597 1002 3655 dicendi
1019 3592 1089 3654 Ma-

136 3691 272 3761 gistrum:
292 3691 364 3748 uideo
371 3688 472 3764 flevere
486 3682 660 3753 Minervam,
672 3684 699 3755 fi
714 3684 857 3758 accesserit
868 3692 1037 3748 exercitatio.
1047 3709 1084 3734 ι·

138 3778 203 3843 Vid.
222 3781 295 3858 opud
319 3782 624 3856 Heteingeeuu
643 3776 794 3856 T·V1·p·
814 3778 888 3848 62⁶,
907 3777 973 3861 627.
