2438 4426
566 324 755 439 (174)

181 581 202 618 „
222 535 405 602 incrementa
429 535 520 602 isthic
541 533 674 609 sumere:
704 553 736 602 et
756 557 886 620 precor,
909 553 963 621 ut,
986 541 1041 621 qui
1067 562 1120 624 per

181 687 202 724 „
222 653 253 705 te
271 643 407 724 plantat,
428 644 560 722 plantata
573 642 668 721 riget,
689 664 724 706 ac
742 643 892 708 custodiat
914 642 1119 724 avulpecuiis

180 793 201 828 „
223 762 254 812 et
274 765 349 828 apro
374 750 565 824 devastante,
587 744 727 826 sttrgulari
751 747 804 812 illo
832 747 969 829 inquam.
1012 749 1118 828 Bene,

180 895 201 932 „
223 851 307 932 quod
328 863 388 913 tarn
411 850 533 913 ubetem
555 867 658 931 agrum
680 866 787 916 nactus
806 871 861 930 es,
892 867 923 915 et
950 853 1036 932 quod
1062 868 1119 916 tarn

180 984 202 1034 3,
221 952 306 1016 brevi
323 951 407 1034 seges
421 954 585 1034 provenit:
606 954 734 1020 sedtum
751 958 829 1022 beati
847 954 981 1033 erimus,
1002 953 1120 1021 stfrne·

181 1104 202 1139 „
221 1070 287 1122 tttnr
309 1057 427 1124 Christi
442 1060 607 1137 attulerit,
632 1057 655 1125 ii
672 1057 741 1139 spes
758 1078 821 1124 non
838 1059 918 1124 elusa
933 1055 1045 1123 fuerit:
1069 1072 1122 1123 aut

180 1203 201 1240 „
220 1159 323 1224 saltent
342 1176 446 1226 nostra
472 1165 584 1241 culpa,
605 1177 634 1226 et
652 1164 765 1243 fidele,
786 1182 943 1245 nunquam
967 1164 1044 1228 male
1069 1182 1123 1229 an·

180 1302 201 1346 5,
220 1261 285 1328 dire
302 1265 451 1345 eoeperit.
494 1267 591 1331 Dabis
608 1284 751 1347 operam,
781 1285 845 1331 non
862 1283 895 1332 nt
912 1272 1045 1342 ductos,
1069 1268 1125 1333 sed

180 1418 202 1460 „
219 1386 257 1441 itt
279 1378 400 1456 bonos,
428 1377 490 1442 hoc
520 1392 589 1455 est,
620 1396 689 1443 vere
719 1380 830 1445 doctos
859 1395 889 1445 et
912 1378 1122 1452 deodridmue

181 1527 203 1564 „
222 1482 337 1548 multus
357 1482 474 1566 gignas.
518 1481 616 1546 Facile
642 1480 719 1545 eninr
737 1497 805 1561 est,
835 1485 951 1564 aliquot
977 1469 1122 1565 dogmata

180 1635 203 1670 „
221 1586 392 1654 auditorum
420 1584 560 1651 instillare
585 1599 615 1650 et
637 1586 787 1652 inculeare
810 1587 953 1653 auribus:
981 1592 1123 1658 animum

179 1735 202 1773 „
220 1700 319 1755 autent
342 1690 521 1769 immutare,
548 1689 685 1755 divinum
707 1709 789 1770 opus
809 1708 867 1758 est.
909 1692 993 1758 Ante
1014 1697 1123 1761 omnia
1196 1694 1199 1699 ’

178 1840 201 1877 „
221 1792 314 1876 igitur
333 1792 551 1868 necessarium,
572 1794 687 1874 precari
704 1793 851 1885 Spiritutn
869 1795 927 1875 S.,
948 1811 978 1860 et
993 1815 1056 1862 uno
1074 1814 1123 1864 ta·

177 1904 304 1982 „lento
323 1912 432 1965 nostro
452 1899 617 1964 lucrificare
639 1896 730 1963 nobis
749 1900 887 1967 aiterum.
939 1903 1002 1988 Qui
1020 1914 1120 1969 unum
1142 1914 1146 1920 ’

179 2052 200 2089 „
219 2008 368 2073 talentum
391 2004 502 2082 habet,
525 2002 641 2070 defodit
662 2001 804 2068 interra.
847 2006 909 2073 Cui
934 2010 1041 2072 dunis
1061 2010 1121 2073 alia

178 2112 283 2194 „duo
307 2108 484 2176 luctabitur.
529 2106 647 2192 Quodsi
667 2108 775 2173 luetati
800 2111 1006 2189 voluerimus,
1037 2126 1119 2194 opus

178 2261 199 2298 „
218 2215 277 2281 erit
291 2213 541 2296 mansuetudine,
561 2211 726 2292 patientia,
748 2213 916 2294 charitate,
939 2212 969 2279 dt
987 2216 1045 2280 side
1062 2215 1120 2279 inr-

177 2367 199 2400 ‚‚
217 2318 347 2409 primisg
372 2337 452 2401 opus
477 2317 534 2380 erit
556 2333 586 2379 et
609 2318 789 2399 prudentia,
819 2336 882 2384 non
906 2317 1037 2399 carnali,
1067 2319 1119 2384 sed

176 2469 198 2505 „
218 2422 336 2504 sancta,
363 2442 441 2504 quae
470 2420 620 2488 desursum
656 2423 833 2498 descendit,
870 2442 947 2504 quae
972 2421 1116 2506 exemplu¹

176 2527 337 2609 „Christi
363 2545 422 2590 nos
449 2526 585 2590 omniurn
616 2525 754 2611 moribus
777 2526 1007 2612 accommodare
1028 2526 1114 2594 facit.

175 2676 197 2710 „
217 2630 279 2693 Sed
295 2628 369 2708 qnid
384 2642 413 2689 te
435 2646 571 2706 tnonen,
592 2628 647 2707 qui
666 2624 792 2704 Spiritui
812 2626 974 2695 monitoris
996 2634 1119 2698 distent·

175 2778 197 2814 „
215 2728 376 2811 perabis..''
390 2745 466 2793 caet.
484 2731 502 2809 (
524 2733 553 2813 ).

210 2832 325 2900 Pietate
344 2846 473 2913 autent,
506 2828 663 2908 doctrina,
692 2831 848 2896 modestia¹
874 2828 998 2916 insignis
1021 2834 1113 2912 suit,

170 2939 324 3024 praeditus
352 2936 494 3020 srngulari
518 2934 645 3017 quadam
669 2934 760 2999 aniani
783 2936 967 3018 praesentia,
990 2940 1116 3023 ingenio

170 3043 244 3112 ucri.
287 3043 444 3109 Laudatur
463 3056 618 3125 praeterea
635 3038 667 3103 in
684 3058 721 3104 eo
736 3039 882 3105 sermonis
900 3045 1116 3126 vehementia,

171 3163 208 3216 ut
220 3165 324 3214 tonate
341 3147 462 3229 potius,
482 3165 576 3225 quatu
593 3143 693 3208 dicere
719 3145 896 3224 vide1·etur;
919 3148 1008 3213 attint
1027 3150 1119 3214 deni-

174 3253 283 3334 quein
306 3251 457 3333 precando
487 3265 610 3329 tantus,
632 3264 668 3313 ut
688 3248 847 3316 auditores·
866 3250 898 3315 in
921 3253 1041 3317 conium
1061 3274 1118 3320 us-

174 3376 235 3440 que
260 3355 341 3439 quast
363 3353 572 3438 transferret(
595 3353 624 3436 ).

210 3554 609 3634 (1)Epp.0eeoiantp.
630 3555 884 3630 ethingi.p.
907 3575 971 3616 200.
992 3575 1020 3614 a.

210 3648 265 3729 (a)
283 3659 310 3711 A
324 3651 406 3710 dam
418 3654 448 3724 i,
465 3656 541 3711 vitae
562 3655 744 3728 timagoram
763 3651 948 3722 Extetoram,
964 3653 991 3708 in
1014 3655 1078 3712 vitat

999 3959 1017 4040 i
1040 3958 1115 4024 rrr.
