2438 4426
514 277 698 433 3133)
762 320 766 328 -

141 471 215 550 ns,
236 469 290 552 qui
315 486 385 534 curn
410 465 517 531 timeat
542 481 574 528 et
593 480 715 545 operam
739 461 793 527 det
802 461 973 528 ''iustitiae'’
993 463 1093 543 (Act.¹

145 593 277 654 10:34,
301 576 379 655 35),
401 584 432 633 et
449 570 595 634 Paulum:
621 612 642 644 „
661 583 726 632 non
750 566 1095 652 3313311333133333,Ι

141 677 219 744 insti
233 675 301 741 sunt
318 675 400 755 apud
415 674 539 748 Deum,
559 669 612 735 sed
623 671 677 750 qui
690 674 789 753 legent
809 670 981 753 praestant,
1001 673 1091 738 iusti·

142 781 326 847 ficabuntur.
370 779 453 843 Nam
468 792 563 856 quum
579 789 708 856 gentes,
731 795 808 855 quac
829 776 923 857 legem
948 795 1012 843 non
1036 779 1091 845 ba.

141 889 238 965 bent,
259 885 369 949 natura
392 899 471 962 quae
491 878 575 961 'legis
597 880 666 945 sunt
687 878 818 958 faciant,
839 879 891 954 isti
904 881 1004 962 legem
1024 900 1094 948 non

140 991 313 1069 habentes,
335 986 389 1053 fibi
412 982 486 1067 ipfis
508 982 578 1048 sunt
603 984 670 1048 les:
693 983 803 1064 utqui
831 987 993 1051 ostendant
1006 1005 1091 1068 opus

141 1097 217 1179 legis
234 1089 418 1174 scriptumin
433 1089 578 1153 cordibus
594 1086 675 1166 suis,
695 1086 780 1184 fimul
795 1088 1006 1173 testimonium
1018 1092 1092 1158 red·

141 1201 234 1265 dente
248 1195 381 1279 ipsorum
397 1189 580 1258 conscientia
596 1206 628 1255 33
642 1192 879 1274 cogitationibus
897 1193 959 1258 sese
977 1209 1088 1261 mutuo

139 1299 373 1378 attinentibus,
402 1308 456 1362 aut
490 1294 580 1361 etiam
613 1294 876 1363 defendentibus’'
908 1296 1018 1380 (Rom.
1052 1313 1087 1364 33

142 1425 202 1488 13·
188 1407 279 1488 ··15)

149 1510 278 1575 Hisce
305 1507 402 1589 igitur
422 1503 518 1569 amice
538 1503 690 1587 conspirat
703 1503 824 1571 indoles
839 1503 1087 1573 Reformationis

137 1612 1090 1694 2313313333.-

180 1713 331 1784 Ecclefiae
354 1713 537 1780 reformatae
558 1711 636 1778 hanc
659 1710 828 1798 primariam
858 1710 922 1780 esse
963 1714 1089 1797 iegemt

137 1820 247 1886 credat
275 1819 430 1906 quidquid
461 1819 548 1883 Deus
570 1819 706 1884 31133333
721 1825 912 1906 promittat,
940 1834 977 1886 at
990 1834 1088 1887 :certa

132 1923 329 2012 ptrsaastont
354 1924 519 2000 inductas,
537 1921 585 1987 ad
602 1944 697 2007 quam
724 1946 783 1988 non
798 1928 966 2009 ptrntnt'rt
978 1939 1090 2011 potet,

136 2029 196 2112 ntst
206 2049 356 2114 quaenam
366 2030 449 2112 sint,
470 2046 551 2113 quat
563 2024 651 2089 Deus
670 2042 767 2094 tetum
792 2032 1089 2109 commutacavtrt't,

132 2137 189 2221 pio
207 2137 309 2199 animo
324 2135 572 2198 examinatoris:
593 2132 669 2196 hanc
689 2131 782 2214 igitur
801 2134 898 2213 legem
915 2133 1088 2212 primariam

137 2237 201 2302 esse
219 2237 293 2301 adeo
310 2238 475 2318 unicuique
490 2250 598 2300 notum
615 2249 684 2314 est,
704 2251 740 2299 ut
756 2253 820 2300 eant
846 2235 992 2303 indicasse
1005 2235 1091 2304 suffia

134 2342 208 2406 ciat.
250 2340 346 2426 Quod
365 2361 436 2406 curn
465 2339 506 2404 ita
522 2337 579 2418 iit,
609 2357 675 2403 non
706 2341 782 2405 tales
810 2340 944 2421 suscepit
959 2339 1090 2422 forma«

134 2446 184 2508 lat
213 2445 455 2527 Zuinglius,
482 2463 584 2524 quae,
608 2443 684 2522 quid
707 2446 888 2512 crtdtndum
910 2446 972 2528 stt,
1003 2445 1090 2525 11313·1

135 2564 167 2613 te
190 2565 222 2614 et
245 2563 383 2615 accurate
410 2547 566 2614 definiant.
631 2548 716 2634 Quid
732 2549 813 2614 enim
843 2548 926 2617 iurat
942 2551 1088 2617 admone·

134 2671 186 2718 ret
218 2655 396 2718 examinatis
413 2651 524 2718 Libros
546 2651 679 2733 Sacros,
711 2657 919 2734 cumaddts,
947 2649 1126 2728 divinans

133 2757 304 2824 doctrinam
338 2756 397 2839 esst
426 2757 694 2842 interpretandam
712 2757 881 2838 strandum
897 2759 1090 2840 formulas?

132 2862 219 2946 Quid
246 2877 346 2927 autent
377 2863 438 2927 hoc
477 2862 561 2926 aliud
588 2875 660 2939 333,
692 2882 782 2943 quam
819 2863 949 2933 liberum
980 2865 1088 2930 cuius-

135 2985 212 3045 que.
229 2965 376 3032 iudicium
404 2965 537 3033 vinculis
562 2964 769 3046 adstringere?
800 2966 942 3030 Rationis
972 2965 1088 3034 scilicet

134 3087 198 3148 ope
236 3066 327 3132 Libri
355 3069 438 3133 Sacri
462 3068 648 3149 intelligendi
677 3082 708 3132 ct
738 3067 956 3148 interpretandi
994 3070 1086 3152 sunt,

132 3172 191 3236 hac
213 3185 312 3234 nmen
334 3171 499 3253 cautione,
529 3188 565 3236 ut
584 3174 694 3237 haecce
708 3173 786 3238 ratio
809 3188 893 3238 certa
915 3193 972 3255 pro
992 3173 1084 3239 certis

132 3275 262 3354 habeat,
282 3275 367 3340 etin
390 3276 439 3341 his
456 3294 583 3359 quoquc
597 3295 725 3359 uerna,
753 3295 831 3359 quac
848 3278 1047 3358 perspicere
1037 3297 1084 3361 tp·

131 3377 328 3460 sanequcat.
479 3413 481 3415 ·
804 3427 811 3441 .

171 3482 381 3565 Religionis
371 3486 468 3568 igitur
483 3487 629 3552 doctores
654 3485 766 3550 nuliius
793 3442 1056 3556 conscientiae
1019 3489 1084 3559 vitu

130 3581 247 3648 inferre
266 3587 397 3670 debent,
419 3589 472 3656 sed
487 3590 704 3674 interpretandi
727 3592 761 3656 S.
781 3592 947 3665 Codicen,
956 3594 1085 3657 docen-

131 3687 187 3773 di,
207 3689 377 3777 monendi,
395 3695 601 3780 adhortandi,
621 3694 824 3780 dehortandi,
843 3695 1018 3764 consolandi
1035 3697 1085 3763 of·
