2438 4426
546 257 710 344 tar)

151 441 243 524 ipsam
267 441 442 524 Religionis
463 439 659 510 chrhtmrae:
676 442 810 508 indolem
835 441 1103 513 anditotns'habe«

152 561 222 615 rent
247 550 425 630 cognitam,
451 554 578 627 eamque
599 547 701 613 verbis
725 547 877 628 factisque
898 550 997 630 palam
1017 547 1102 615 tace-

149 670 230 721 rent.
276 655 401 719 Sacrum
417 653 564 720 Codicem
579 650 701 721 triticam
716 652 862 718 credendi
880 651 984 732 posuit
998 672 1036 719 ec
1053 653 1102 719 nn

150 759 243 824 vendi
267 777 415 823 nonnam.
459 755 676 837 Magistratum
701 760 860 824 admonuit
882 759 1034 838 manime,
1062 772 1120 829 ut.

150 864 294 928 sentiendi
307 862 475 943 agendique
484 861 653 926 libertatem
669 877 850 942 tuerentur,
871 878 907 929 ut
920 862 1101 941 iustumeo-

150 970 352 1046 intentatque
365 984 518 1044 aequum,
539 981 580 1029 ut
592 965 752 1032 viduarum
770 971 980 1048 orborumque
993 952 1096 1033 euram

150 1074 309 1152 gererent,
332 1084 367 1131 ut
380 1067 497 1134 Patriae
514 1071 686 1135 commodis
702 1072 893 1138 inservirent.
937 1071 1020 1137 Mira
1029 1072 1098 1153 pol·

146 1175 228 1239 lebat
244 1172 363 1236 dicendi
379 1172 429 1248 vi,
450 1171 566 1238 summa
583 1176 728 1240 utebatur
738 1177 769 1239 in
786 1176 1095 1256 dicendo-gravitate.

144 1279 256 1346 Pectus
270 1291 353 1357 erat,
377 1279 463 1358 quod
475 1279 618 1343 disertum
635 1298 704 1342 eum
720 1279 822 1356 iecit(
845 1284 875 1358 ).
949 1288 972 1325 -’
1011 1288 1015 1295 ’
1065 1299 1070 1307 ·

187 1380 259 1446 Hoc
282 1377 348 1444 fere
373 1395 466 1461 pacto·
490 1400 597 1446 ornnes
619 1381 749 1448 intendit
764 1382 866 1460 vires,
889 1396 923 1446 ut
950 1381 1096 1447 homines

142 1485 331 1564 institueret,
354 1503 527 1564 moresque
555 1480 749 1550 emendaret:
780 1504 882 1565 neque
912 1484 944 1548 in
968 1473 1095 1564 publica

144 1605 260 1656 tanturn
274 1587 463 1653 institutione
483 1587 514 1652 id
530 1590 611 1668 egit,
632 1609 737 1654 verum
765 1588 894 1654 invitae
913 1588 998 1652 etiam
1018 1608 1100 1659 con-,

141 1694 299 1759 suetudine
317 1692 396 1758 idem
412 1690 532 1772 semper
548 1692 603 1756 fibi
618 1693 790 1774 proposuit.
843 1694 894 1758 An
922 1692 1014 1761 unius
1040 1713 1094 1757 cu-

138 1797 250 1877 iusque
272 1795 332 1860 sese
356 1798 599 1861 accommodavit
622 1798 800 1878 ingenium
824 1814 1094 1877 quorumcumque

140 1900 251 1966 fiducia
273 1899 393 1981 gavisus
418 1903 486 1980 e'st;
514 1920 622 1984 magna
646 1903 774 1982 quadarn
799 1901 943 1968 comitate
961 1900 1090 1979 docuit3

139 2005 266 2070 afflictos
289 2003 655 2072 humaniter-cornioletus
675 2022 748 2086 est,
780 2025 872 2088 opem
897 2005 967 2069 tulit
994 2005 1096 2072 omni-¹

140 2113 201 2176 bus
224 2110 311 2174 nulio
332 2108 437 2174 habito
466 2111 639 2175 discrimine
662 2111 733 2202 (e),
785 2111 836 2176 Sic
860 2108 1093 2191 persuadendo,

141 2234 166 2278 e·
178 2213 353 2296 Religionis
371 2206 566 2280 Christianae
583 2216 708 2290 indole,
735 2214 893 2280 hominum
915 2214 1034 2279 animos
1053 2214 1091 2278 ad

140 2319 302 2386 Sacrorum
316 2320 571 2387 Errendmonem
589 2310 787 2400 praeparavit.

488 2566 492 2575 -
571 2526 665 2608 §un

177 2732 427 2816 Zuingiius,
457 2747 493 2798 nt
505 2731 603 2810 secra
627 2728 844 2808 inpenderent,
870 2726 1045 2815 seperiorr's
1076 2744 1079 2751 ’

419 2839 536 2905 ordinis
556 2835 686 2900 Clerieor
699 2832 798 2900 erint.
812 2864 816 2871 ·

178 3045 377 3114 Reformator
397 3043 449 3108 ilie
474 3059 539 3107 non
567 3042 649 3107 suam
672 3039 818 3122 quaesivit
849 3040 997 3124 gloriam,
1026 3059 1099 3108 nec>

134 3151 260 3235 propria
284 3148 336 3214 sua
357 3149 536 3212 anctoritate
560 3165 640 3229 opus
665 3160 714 3209 est
738 3140 916 3229 aggressus,
939 3144 988 3209 sed
1013 3146 1086 3225 quir-

135 3271 226 3320 tenus
243 3253 291 3318 ius
313 3251 408 3320 ferret
429 3265 459 3313 et
481 3271 635 3331 aequum,
659 3249 689 3314 se
712 3249 919 3332 superioribus
939 3249 993 3313 irbi
1018 3265 1086 3311 mo·

135 3362 222 3425 deste
246 3355 399 3431 submilit3
419 3353 478 3434 qni
498 3368 532 3418 ut
555 3371 662 3419 manus
683 3353 738 3435 ipsi
764 3356 884 3419 tandem
911 3353 957 3418 tei
982 3354 1084 3417 admo·

1031 3474 1085 3520 ve·

169 3621 224 3702 (1)
245 3626 272 3685 S.
293 3625 321 3684 H
334 3640 348 3680 e
361 3627 417 3693 ss,
437 3624 452 3678 l.
478 3624 496 3679 1.
521 3621 547 3680 S.
568 3623 623 3688 68,
642 3620 690 3679 ubi
702 3618 890 3697 fragmentum
908 3622 1002 3683 videas
1021 3639 1084 3679 ora·

129 3728 230 3788 tierrir,
251 3738 332 3794 qnam
356 3736 443 3776 eornm
467 3719 598 3791 Tigurinis
615 3713 725 3777 habuit.

170 3811 729 3897 (2)J.C.tless,1.t.8.2oosq.
813 3815 818 3829 ¹
