2438 4426
529 240 718 335 (u)

330 438 893 529 consonantis

375 829 848 927 nannenten

140 1004 405 1053 nium]
420 1003 621 1059 commonit,
639 1005 764 1064 UUSQUE
786 1008 818 1052 vl
836 1010 936 1053 ADU-

174 1098 327 1149 W
347 1100 386 1143 Π
405 1096 633 1142 mauduni!
661 1099 816 1146 SACRORUM
843 1095 938 1147 EMEN-

173 1190 340 1237 ΨΜ
448 1216 459 1236 ο
567 1211 576 1232 ⁰
679 1214 690 1237 ο
801 1219 812 1240 ο
922 1220 933 1241 0

362 1343 439 1406 CA
453 1345 481 1402 P
489 1344 527 1402 U
540 1345 566 1402 Τ
597 1346 623 1403 P
640 1347 666 1407 R
684 1348 712 1406 1
717 1346 758 1408 M
772 1348 805 1407 U
817 1349 861 1409 M

184 1442 423 1503 rubetam
440 1438 553 1500 corditio
569 1442 701 1515 Melea,
716 1447 805 1516 geum
824 1445 973 1505 indolet..

135 1535 545 1613 §1.Soiiconditio..
643 1575 654 1596 .
747 1578 792 1599 .-

172 1631 418 1691 ..lieivetiorum
438 1630 512 1698 fata,
533 1644 562 1688 et
580 1608 694 1703 politica
706 1647 825 1705 eorum,
837 1635 933 1692 ineun-

248 1737 277 1780 te
301 1724 412 1780 saeculo
434 1727 528 1793 xvi,
547 1723 682 1784 conditio.
731 1768 740 1786 .

171 1832 202 1892 3.
221 1817 418 1876 Helvetiorum
448 1819 576 1890 indoles,
607 1835 637 1878 et
667 1820 816 1880 discrimen
845 1825 934 1896 gentis

247 1912 274 1969 in
297 1912 329 1968 iis
349 1912 545 1972 observandum

171 2021 202 2082 4.
219 2004 375 2080 Regiminis
393 2009 463 2066 ratio
481 2010 553 2066 inter
573 2009 730 2070 Heivetios.
822 2050 832 2069 .

316 2186 512 2245 CAPUT
546 2185 902 2249 SECUNDUM.

244 2281 364 2339 Condicio
381 2279 523 2356 Religionis
539 2293 567 2339 et
590 2279 715 2360 Ecclestae
732 2286 762 2340 in
782 2282 923 2342 Helvetia.

133 2375 152 2450 §
173 2373 388 2439 1.Hierarchia.
490 2417 500 2436 .
592 2415 601 2432 .
706 2417 715 2435 .
808 2416 817 2435 .
922 2416 932 2434 .
1043 2392 1084 2451 ας

169 2487 199 2530 a.
218 2471 389 2543 Depravatio
411 2469 575 2540 doctrinae,
594 2470 686 2529 cuitus
709 2472 794 2541 sacri,
812 2486 931 2530 morum.
1043 2488 1083 2544 30

170 2580 201 2636 3.
218 2564 446 2622 Reformatorem
464 2558 598 2641 :oiim
616 2565 644 2621 in
657 2565 807 2625 Helvetia.
866 2605 875 2624 .
925 2605 935 2623 .
1048 2580 1085 2640 37

170 2683 202 2739 4.
220 2667 367 2722 Conamina
386 2661 553 2718 reformandi
575 2660 688 2729 publice
708 2660 835 2715 instituta.
924 2700 933 2719 .
1046 2683 1085 2743 4²

172 2774 202 2834 5.
218 2757 268 2815 Vis
301 2754 442 2809 literarum
473 2750 506 2807 ad
540 2747 660 2808 fovenda
695 2749 780 2808 studia
821 2753 934 2812 rationis

242 2845 421 2926 perfectioris
423 2885 933 2909 .....
1032 2842 1085 2929 '44

336 3023 530 3084 CAPUT
563 3021 857 3085 TERTIUM.

190 3119 369 3196 Quomodo
386 3117 477 3176 haecce
495 3120 641 3176 valuerunt
659 3121 700 3177 ad
709 3123 931 3196 praeparandam

275 3232 302 3277 ec
323 3216 497 3273 excitandam
511 3211 649 3283 sactorum
671 3215 889 3274 eareocdacionem.

136 3322 202 3394 51.
220 3317 365 3376 Sacrorum
390 3307 546 3368 emendatio
565 3306 641 3364 hisce
670 3309 839 3381 temporibus
862 3325 957 3384 opus

248 3424 306 3469 erat
328 3405 466 3465 Helvetiis
467 3443 931 3464 .....
1039 3418 1082 3482 47

173 3505 359 3572 mTempora
377 3499 456 3557 valde
479 3497 596 3554 fuerunt
624 3511 777 3569 opportuna
806 3495 839 3554 ad
867 3513 934 3571 pro-

247 3595 390 3655 curandam
421 3595 447 3650 in
476 3591 606 3650 Helvetia
628 3592 863 3651 reformationem.
921 3632 930 3650 .
1038 3610 1080 3672 49

174 3705 203 3766 3.
222 3693 320 3748 Gentis
339 3689 506 3750 Helveticae
526 3685 632 3744 indoles
653 3699 682 3743 et
701 3685 839 3759 regiminis
863 3686 933 3742 ratio

246 3783 280 3842 ad
302 3783 489 3845 instituendam
504 3783 744 3846 Reformatorem
754 3780 810 3842 fust
820 3779 929 3845 idonee.
977 3794 1081 3936 mg}
