2438 4426
513 279 696 362 (129)

131 463 261 532 inducti.
287 461 352 529 nn.
368 483 397 545 3.
415 468 446 530 6.
465 466 496 528 8.
512 462 597 541 lsaia
622 478 653 542 5.
680 481 730 528 11.
748 482 803 546 43.
826 460 946 529 Marti.
967 469 998 530 8.
1023 464 1078 546 ΡΙ.

138 591 188 649 17.
203 592 222 637 r
242 571 319 634 Tirn.
338 591 368 632 2.
385 569 477 633 Rom.
492 587 540 629 10.
566 565 675 628 Ioann.
699 587 749 630 10.
774 583 823 645 15.
838 587 885 645 14.
895 566 967 632 Act.
977 591 1010 648 4.
1037 571 1083 635 At

135 694 212 738 vero
232 693 271 736 ex
282 674 377 736 ho'cce
392 671 515 735 minime
530 669 561 733 id
583 667 748 746 sequitur,
760 671 845 747 quod
861 669 911 734 inti
927 666 985 737 tibi·
998 692 1083 754 prae-

137 783 271 847 sumunt.
319 822 340 855 „
359 775 465 840 Fides·
478 774 557 837 enim
588 773 764 838 Christiana
788 791 838 837 res
856 790 924 853 est,
951 772 1085 857 quaein

140 872 240 946 animo
255 880 439 944 credentium
457 877 601 952 sentitur,
621 875 697 941 ficut
721 877 861 943 valetudo
887 879 918 943 in
940 900 1085 962 corpore.

141 987 211 1051 Hae
236 984 367 1062 quisque
391 979 477 1044 facile
502 979 613 1058 sentit,
634 980 738 1062 iniqua
763 978 823 1056 tit,
843 1000 882 1047 an
907 969 1023 1066 aeona:
1044 986 1086 1054 fic

144 1089 198 1171 qui
215 1087 409 1154 Christianus
427 1101 496 1160 eat,
517 1084 627 1163 sentit,
648 1100 682 1148 ut
697 1101 783 1146 mens
798 1074 925 1167 nropter
951 1105 1092 1168 peccato.

144 1210 214 1256 rum
231 1207 312 1255 onus
329 1191 404 1254 male
421 1186 550 1252 habeat:
574 1200 606 1249 et
619 1203 726 1251 contra
743 1188 832 1254 sentit
846 1206 935 1270 quam
954 1195 1092 1262 beneha·

145 1297 237 1372 beat‚
259 1313 354 1375 quum
373 1293 494 1356 remedii
510 1291 540 1354 in
559 1291 686 1356 Christo
703 1311 781 1357 cerm
805 1309 863 1359 est.
905 1299 1021 1363 Evenit
1038 1298 1095 1364 'eri-

151 1419 199 1462 am
224 1399 432 1478 plerumque,
465 1410 501 1460 ut
523 1396 680 1460 dexteram
705 1399 905 1464 valetudinem
934 1421 998 1466 non
1018 1403 1095 1468 tanti

151 1502 283 1582 faciant,
314 1502 369 1583 qui
392 1514 541 1582 perpetuo
564 1501 685 1575 valent,
708 1501 813 1579 quanti
837 1501 953 1569 faciunt
976 1505 1017 1584 ii,
1039 1504 1094 1587 qui

151 1622 204 1673 aut
227 1605 382 1670 diuturnis
414 1619 467 1668 aut
487 1606 632 1686 gravstius
652 1604 768 1668 morbis
792 1614 981 1686 premuntur.
1043 1609 1095 1674 Sic

151 1711 297 1778 Christus
313 1709 371 1786 iis,
394 1710 447 1790 qui
462 1710 572 1774 mentis
588 1708 804 1789 aegritudinem
820 1697 936 1774 nuliam
950 1711 1095 1790 sentiunt,

152 1829 296 1880 nontam
325 1830 372 1877 est
391 1813 567 1895 preciosus,
589 1828 734 1893 quantum
751 1814 818 1891 eis,
840 1817 892 1894 qui
915 1827 945 1877 et
964 1813 1099 1878 sentiunt

154 1935 185 1982 et
198 1917 338 1984 dotent.”
399 1919 463 2002 Qui
483 1933 583 1982 autem
605 1919 643 1980 ad
663 1916 819 1997 pristinam
843 1918 928 1980 venit
950 1918 1099 1982 valetudi-

154 2038 248 2096 nem,
267 2022 294 2085 is
307 2019 456 2087 medicum
473 2021 573 2101 magni
585 2021 673 2100 pretii
695 2023 808 2098 habet,
826 2037 859 2084 et
874 2036 984 2102 cavet,
1004 2037 1101 2102 quan·

155 2139 220 2189 turn
239 2139 366 2206 potest,
386 2143 426 2189 ne
440 2124 550 2190 iterum
565 2125 597 2189 in
611 2126 753 2190 morbum
769 2124 892 2189 incidat.

597 2329 695 2414 siv.

199 2536 251 2604 Dc
265 2538 323 2620 iis,
343 2555 424 2624 quac
445 2537 561 2604 bomiri
576 2538 751 2604 Christiano
763 2535 949 2626 praestanda
961 2536 1052 2620 sunt.
1100 2633 1103 2643 Ι

200 2748 368 2828 Postquam
388 2746 448 2812 iam
470 2745 642 2812 ostenderat
663 2745 908 2829 Zuingiius,
928 2745 1101 2816 hominesa

160 2851 292 2932 peccatis
323 2870 489 2932 eorumque
508 2851 653 2952 poenis,
696 2849 917 2917 interveniente
953 2852 1102 2933 Christo,

158 2957 299 3033 libcrari,
319 2955 430 3021 deinde
451 2957 566 3035 nocet,
587 2973 735 3036 quaenam
759 2957 816 3035 iis,
837 2972 872 3019 ut
898 2969 983 3036 grato
1001 2957 1103 3020 Deum

161 3057 385 3138 Christumque
396 3058 540 3141 prosequi
565 3059 683 3136 posunt
701 3055 1019 3138 animo,'praestanda
1046 3048 1105 3122 nit

163 3162 274 3226 officia.
316 3164 353 3228 In
370 3163 454 3229 hisce
469 3162 549 3228 enim
563 3163 756 3255 dogmatibus
772 3159 876 3223 misera
890 3174 1032 3240 corrupta
1042 3177 1105 3226 erat
1200 3162 1204 3166 ’

161 3263 315 3333 Ecclesiae
335 3267 395 3331 illis
411 3266 601 3346 temporibus
623 3265 782 3339 doctrina,
801 3278 894 3343 atque
911 3260 1105 3330 Christianos

163 3373 202 3433 ad
238 3371 387 3439 saniorem
428 3371 596 3437 doctrinam
634 3369 774 3433 reducere
824 3364 932 3431 studet.
967 3398 997 3416 -
1031 3366 1107 3446 Agit

164 3489 257 3552 igitur
1093 3483 1098 3490 ·
