2438 4426
511 254 701 342 (1⁸⁵)

134 438 325 520 opportunis
335 439 451 521 ubique
477 440 554 506 locis
571 441 614 504 im
631 438 815 520 collocavit,
835 454 871 505 ut
891 439 963 507 inde
978 441 1073 508 nuri

130 562 207 609 mos
221 560 292 609 uon.
300 542 405 626 posset
420 561 487 608 non
501 545 658 626 percipere
674 544 797 610 fructus
809 542 943 613 Ecclefir
964 547 1076 613 curu·

131 648 229 715 ciana.

546 856 566 935 S
586 856 645 922 IV.

129 1010 140 1108 ἶ
175 1073 178 1077 ·
252 1062 450 1129 emm
470 1060 701 1143 mmmm
724 1064 873 1146 anstrum
887 1063 960 1144 sm
1064 1094 1071 1105 -

284 1170 324 1232 iu
347 1165 489 1231 doctrina
510 1179 542 1231 a
563 1169 697 1231 moribus
718 1167 938 1250 mordentis,

301 1300 304 1305 ·
341 1283 374 1335 et
392 1272 431 1335 iu
449 1271 651 1356 oppugnanda
667 1272 871 1338 Hirrmlria.

131 1490 150 1539 ῖ.
175 1478 298 1554 Eris,
319 1477 452 1557 quuede
471 1476 671 1559 Zuinglio
689 1476 908 1544 Reformatore
923 1477 1079 1559 unium.

133 1581 225 1654 facile
239 1582 383 1647 evincere
401 1579 589 1662 possumus,
608 1581 685 1661 quid
696 1581 758 1661 iple
773 1580 827 1647 libi
842 1584 897 1647 hac
909 1582 942 1648 in
957 1603 991 1647 re
1004 1600 1079 1664 pro·

130 1686 249 1769 posuit.
270 1689 332 1753 Est
345 1705 382 1751 eu
399 1686 515 1768 ingenii
527 1686 650 1751 humaui
664 1685 764 1764 ratio,
784 1701 820 1753 ut
834 1686 897 1751 sive
914 1688 948 1751 iu
965 1687 1078 1759 bonam

129 1788 198 1857 slve
207 1789 240 1852 iu
248 1792 353 1855 malem
369 1780 486 1871 purtem
499 1793 663 1870 procedat,
684 1792 855 1857 atenurlius
863 1789 1079 1873 uepeindpiu

131 1892 256 1970 initiis,
275 1892 337 1971 ipse
357 1891 432 1959 fere.
448 1893 588 1971 nescius,
603 1914 783 1974 quousque
809 1897 930 1959 undem
958 1896 1081 1973 inceptu
1192 1900 1195 1904 '

134 1997 209 2068 duci
223 1994 351 2077 posunt.
393 2000 466 2064 Hoc
489 1999 582 2080 igitur
609 2000 706 2087 modo
725 1997 946 2076 Zuiuglius
966 1995 1080 2063 exstitit

135 2098 346 2171 Reformator.
387 2103 463 2167 Veri
476 2100 625 2181 imprimis
640 2101 740 2167 studio
751 2101 865 2166 ductus
877 2103 917 2165 ad
937 2100 1080 2164 Theolo-

132 2207 238 2287 gicam
253 2205 374 2269 uansiit
385 2205 587 2286 disciplinam.
634 2208 716 2273 Mox
737 2207 777 2269 de
792 2207 949 2270 nonnullis
967 2207 1081 2273 Eocle-

131 2307 195 2380 fiat
210 2309 369 2378 Romanae
383 2309 524 2390 placitis,
544 2325 671 2377 auctore
685 2310 1001 2389 Vittenbaclrio‚
1020 2312 1080 2377 du·

137 2416 234 2479 bitare
247 2415 362 2493 coepit.
404 2414 516 2478 Incidit
532 2415 642 2480 deinde
656 2415 689 2479 in
704 2417 739 2481 8.
758 2416 865 2495 Cod„
882 2415 1081 2489 hutnore

136 2515 394 2593 cleliasticorum‚
414 2517 557 2594 Emi,
577 2518 768 2598 aliorumque
777 2517 957 2598 scriptorum
971 2519 1080 2582 lectio·

137 2638 221 2685 nem.
264 2618 325 2684 Iam
353 2621 386 2683 in
409 2620 510 2684 varios
534 2613 656 2689 erroreu
676 2621 775 2702 lapsos
801 2620 866 2686 esse
887 2622 1079 2706 Theologice

136 2727 304 2801 domares,
324 2723 419 2788 laicos
432 2743 507 2788 vero
520 2723 759 2807 gravislimarum
781 2745 882 2790 rerum
907 2721 1079 2806 ignorantia

136 2829 255 2906 teneri,
277 2829 367 2893 valde
384 2843 562 2895 commotus
578 2829 787 2910 deprehendit.
830 2831 912 2897 Huic
929 2831 973 2893 rei
986 2830 1080 2903 dolor

135 2932 261 2997 accesfit
273 2934 312 2994 de
326 2931 464 3001 moribus
483 2951 575 3012 quam
596 2934 726 3003 mammo
746 2935 914 3013 corruptis.
956 2934 1081 2997 Cuncta

138 3051 243 3100 autem
256 3034 365 3099 haecce
374 3055 476 3116 aequo
490 3037 592 3099 animo
605 3034 686 3097 ferre
694 3035 848 3114 ingenium
855 3032 1078 3096 eiusfervidum

134 3157 203 3206 non
223 3137 354 3204 fluebat.
393 3139 498 3222 Quare
516 3134 598 3199 vires
620 3136 770 3211 interdic,
788 3150 827 3201 ut
841 3138 966 3200 meliora
986 3138 1081 3201 doce-

133 3257 186 3309 ret
200 3243 296 3308 laicos
311 3261 474 3322 moresque
494 3241 674 3307 emendaret.
704 3241 829 3325 Quibus
850 3258 926 3306 vero
939 3241 1082 3305 obiectus

134 3362 200 3415 erat
213 3346 465 3420 difficultatibus,
484 3343 705 3425 inducebamr,
722 3365 787 3426 quo
808 3346 989 3426 prudentius
1008 3363 1084 3426 pro-

133 3453 278 3528 cederet,
307 3464 339 3513 et
359 3447 523 3527 superioris
541 3446 634 3528 iplius
650 3448 766 3514 ordinis
783 3450 965 3515 clericorum
987 3466 1083 3530 opem

132 3550 325 3631 imploraret.
369 3551 485 3630 Neque
499 3550 578 3615 euim
591 3553 681 3618 initio
693 3575 712 3619 a
725 3554 864 3619 Romana
881 3552 912 3617 se
924 3551 1085 3633 seiungen-

132 3655 169 3723 di
198 3654 362 3734 Bodetia,
388 3673 564 3736 novamque
591 3659 744 3725 condendi
772 3657 958 3723 sodrlitatem
985 3654 1084 3723 conii-

133 3759 213 3826 lium
235 3758 365 3844 lnbuit;
394 3774 522 3844 contra,
550 3761 821 3845 quadrimum·
840 3760 968 3845 potuit,
986 3776 1085 3827 teuta-

190 3874 195 3880 .
1012 3863 1087 3944 uit,
