2438 4426
535 298 695 383 (7⁶)

133 482 560 569 z-ulngltnn'acerratlm-
581 483 801 566 congesserunt
825 477 1067 564 qmm'plurirni.

131 586 295 670 Fuerunt,
322 588 376 671 qui
405 586 558 667 dicerent,
585 608 658 654 eum
686 587 825 654 docuisse
845 586 989 654 iacobum
1010 606 1070 670 pro

132 692 226 759 nobis
247 689 366 777 parsum
385 688 494 756 fuisse:
515 691 585 770 alii,
609 692 662 774 qui
681 692 930 758 sacramentorum
952 690 1072 756 hostem

134 796 363 865 ct·violatotem
380 812 450 859 eum
475 796 659 860 clamitarent
679 798 697 874 (
719 796 747 878 ).
795 839 817 874 „
837 797 919 862 Cum
939 795 1073 861 veritatis

135 898 317 967 atttlroritttc
329 897 390 982 (ita
404 896 466 978 ipse
481 896 584 964 scribit
605 898 795 980 Zuingliu
804 900 838 981 s)
846 913 877 963 et
891 896 1074 965 testimoniis

136 1002 352 1081 destituantur,
371 1001 410 1066 ad
425 1002 651 1067 mendaciorum
668 1015 840 1067 commenta
858 1015 888 1066 et
901 1002 1074 1069 calumnias

136 1102 197 1173 sese
222 1104 427 1180 convertunt,
446 1120 610 1195 ettennon
635 1104 666 1168 in
698 1103 754 1169 hac
781 1104 994 1169 tantummodo
1017 1120 1076 1180 re,

135 1204 352 1273 verumetiam
378 1204 501 1271 infinitis
524 1209 591 1272 aliis
615 1209 778 1272 obtrudere
809 1206 937 1271 student.
989 1205 1075 1270 Olim

134 1311 214 1375 euim
236 1326 285 1373 me
300 1307 387 1381 divae
401 1310 539 1393 Virginis
554 1312 670 1378 Mariae
685 1311 833 1392 Deipatae
859 1309 1074 1390 blasphemum

133 1427 375 1495 contemptorem
389 1414 461 1478 esse·
474 1415 697 1495 praedicarunt.
707 1450 734 1465 -
744 1415 795 1479 Ad
809 1412 889 1478 haec
902 1430 952 1477 me
965 1409 1076 1477 censue

136 1518 312 1607 etdecimaa
325 1534 434 1598 negare
450 1517 524 1595 falso
547 1520 710 1585 commenti
733 1520 812 1584 suut
856 1519 930 1582 ltem
956 1514 1077 1586 mulieri

135 1624 271 1706 pavidae
292 1619 470 1703 permissum
492 1619 581 1698 esse,
595 1635 631 1686 ut
653 1626 787 1689 adultera
805 1623 890 1689 facta
909 1622 989 1686 'cum
1015 1617 1076 1683 alio

132 1727 224 1805 viro,
246 1742 333 1807 quem
357 1722 510 1806 appetitus
535 1727 782 1807 concupiscentia
802 1726 928 1802 suadet’,
947 1741 1078 1804 cougre-

134 1827 253 1906 diatur,
272 1846 321 1890 me
337 1825 475 1892 docuisse
488 1828 690 1899 tradiderunt.
733 1826 883 1918 Quantam
908 1848 984 1894 vero
1001 1814 1079 1891 mihi
1129 1862 1140 1912 1

134 1927 355 1999 infactosancti
377 1931 516 2013 eorporis
540 1946 570 1998 et
591 1935 744 2016 sanguinis
762 1934 831 2002 Iesu
851 1934 968 2001 Christi
985 1931 1080 2018 sacra·

135 2035 385 2105 menti-doctrina
408 2036 586 2102 calumniam
607 2039 813 2124 impegerint,
841 2042 932 2120 quam
950 2036 1080 2101 horren&

136 2143 205 2210 dan
222 2153 253 2205 et
261 2154 395 2206 atrocem
404 2142 622 2223 blasphemiam
634 2146 821 2223 obiecerint,
841 2138 1079 2226 publicisscrip·

135 2243 179 2313 tit
191 2243 386 2309 committere
406 2261 471 2309 non
491 2243 605 2324 aufim,
624 2264 664 2310 ne
688 2247 769 2313 forte
793 2245 1009 2327 simpliciorum
1030 2263 1080 2308 ru·

98 2418 102 2429 ,
137 2349 194 2417 dea
213 2347 307 2412 animi
329 2366 363 2412 ea
390 2345 594 2412 offendantur.
624 2381 652 2395 ·-
681 2349 800 2428 Neque⁴
814 2347 931 2411 interim
954 2349 991 2413 de
1016 2345 1080 2410 vita

137 2448 326 2515 ctmo'ribus
342 2451 506 2538 loquentes
518 2450 722 2517 modestiores
740 2447 829 2525 suut,
851 2450 927 2528 quin
943 2466 1007 2512 non
1023 2447 1080 2509 mi-

91 2614 97 2621 .
133 2550 307 2618 autetiam
332 2552 518 2633 hic‚.quam
538 2551 629 2631 alibi,
656 2553 724 2618 suae
756 2550 978 2617 maledicentiae
1008 2568 1080 2631 per-

135 2653 274 2720 mittunt.
318 2655 399 2720 Sunt
416 2656 518 2734 enim,
540 2657 593 2738 qui
609 2676 659 2721 me
675 2657 735 2721 hoc
759 2654 825 2736 ipso
842 2671 921 2720 anno
944 2664 1080 2735 quatuor

133 2756 251 2825 liberos
268 2758 427 2843 illegitimo
440 2761 533 2827 thoro
552 2774 641 2828 natos
661 2756 800 2845 genuisse
818 2758 931 2826 dicant.
974 2758 1079 2840 Sunt,

1024 2885 1081 2947 qur

137 3050 202 3125 sqq.
238 3053 292 3113 Sed
315 3053 407 3128 quibus
430 3056 464 3110 rie
485 3052 563 3127 canfis
580 3069 671 3110 rerum
697 3056 764 3111 tricet
781 3065 905 3113 mutatae
921 3051 999 3130 fiat,
1028 3070 1080 3111 nort

137 3148 211 3205 nort.
250 3146 307 3227 Qui
328 3152 401 3205 enim
419 3153 506 3221 primo
530 3161 680 3207 currentem
697 3167 739 3208 me
764 3150 863 3206 crebris
882 3145 1081 3207 hortationibus

138 3228 311 3308 incitabant,
329 3238 360 3298 bi
375 3241 423 3317 ipfi
430 3244 514 3316 paulo
526 3255 587 3316 post
604 3246 680 3302 nulla
701 3240 873 3321 respondere,
891 3254 919 3301 et
933 3242 1010 3300 nuliis
1030 3242 1079 3320 lit·

139 3340 207 3394 terit
223 3353 264 3391 irre
280 3335 389 3407 dignati
398 3334 483 3408 stent,
501 3338 551 3413 mii
569 3340 641 3412 quod
653 3342 765 3414 publice
779 3351 807 3397 et
824 3343 852 3395 in
875 3355 972 3410 genere
997 3353 1080 3410 quae·

136 3430 205 3489 darn
221 3430 326 3486 abillis
346 3433 461 3506 vulgata
472 3431 538 3505 strat
553 3446 582 3490 et
602 3431 763 3505 conscripta,
792 3448 861 3504 quae
881 3443 971 3489 tamen
980 3435 1081 3507 priori·

137 3526 188 3599 ht
214 3528 273 3583 istit
289 3523 394 3597 confidis
418 3533 477 3609 tarr
492 3524 593 3598 ſsmiiia
609 3524 662 3597 etse
682 3526 860 3593 ridebantur,
884 3543 966 3599 quarn
992 3541 1082 3583 mattea

134 3618 276 3696 cimborio
296 3633 345 3680 est.
363 3621 508 3692 Zuingl.
524 3621 633 3679 b'ttiert.
649 3618 736 3694 Comp.
759 3619 815 3692 Op.
829 3620 866 3678 Τ.
888 3622 912 3679 Ι.
929 3639 959 3694 p.
969 3635 1036 3691 230.

179 3711 235 3789 (t)
255 3716 357 3775 Zuin
367 3730 386 3788 g
397 3715 457 3772 liu
468 3731 503 3783 a,
520 3716 562 3774 ad
580 3714 712 3775 commun.
735 3712 916 3775 Helvetiorum
928 3716 1004 3776 cirit.
1022 3710 1080 3784 Op·

136 3798 554 3901 apparatura-⁵
620 3822 624 3829 ’
666 3838 669 3843 ·
851 3809 853 3814 '
