2438 4426
522 236 683 324 (⁶0)

134 425 199 507 gire
219 415 340 504 operam
359 421 486 487 novandi
504 436 627 504 tempus
648 423 748 489 adesse
773 410 941 495 videbatur}
984 411 1083 514 Quoss

133 528 213 594 eirca
238 526 380 594 Balaleam
404 528 541 595 reversus
565 531 710 614 (1502),
740 528 913 596 Literarum
927 530 1020 597 'initia
1041 531 1078 599 in

133 629 235 696 schola
254 631 439 699 Martiniano
461 631 799 722 dpcendiproviuciarn
826 633 857 698 in
879 633 909 699 se
929 632 1079 725 suscepit.

132 737 269 805 Privatus
290 738 404 803 interea
420 739 593 804 Litetarum
609 751 639 802 et
657 738 870 820 Philosophiae
887 737 1081 804 exercearis-

134 860 193 908 nes
209 840 368 923 diligenter
383 856 429 906 est
448 846 646 920 persecutus,
668 856 703 906 ut
718 855 748 905 et
763 830 817 924 ipsi
832 845 944 910 honori
960 858 992 910 et
1004 844 1083 910 ami-

136 946 186 1013 'cis
208 930 351 1023 utilitati,
379 956 410 1008 et
438 943 636 1025 Reipublicae
668 947 878 1012 emolumento
909 948 975 1014 esse
1006 968 1082 1033 pos·

131 1049 193 1116 let.
237 1049 304 1112 Nec
326 1065 400 1113 vero
420 1045 504 1110 seriis
523 1060 637 1110 tantum
660 1047 805 1111 delectari
827 1049 1007 1135 consuevit,
1022 1072 1084 1120 uc·

66 1226 70 1235 ,
139 1172 207 1220 rum
227 1150 328 1214 iocum
350 1150 438 1215 etiam
463 1165 493 1214 et
514 1150 619 1215 ludum
631 1145 829 1216 [maronibus
855 1151 984 1218 inserere
999 1178 1085 1224 ama·

136 1255 202 1321 uit:
224 1268 293 1318 nam
310 1268 417 1337 magna
433 1252 493 1318 fuit
512 1256 544 1319 in
563 1252 755 1318 adolescente
779 1251 971 1336 iucunditas,
993 1272 1024 1323 et
1048 1262 1085 1326 in

138 1356 270 1424 iocando
285 1357 386 1439 lepos.
429 1354 556 1424 Mustela
572 1355 711 1438 inprimis
729 1355 760 1422 se
783 1358 888 1439 dedit,v
909 1361 1022 1442 quibus
1041 1367 1085 1434 ad

139 1465 235 1528 altum
250 1479 321 1544 prae
330 1462 436 1528 multis
446 1460 585 1545 pervenit
596 1458 792 1544 perfectiouis
806 1465 963 1550 gradum(
985 1469 1014 1552 ).

183 1568 253 1634 Tali
269 1566 362 1648 igitur
383 1567 452 1632 Zui
461 1586 482 1633 n
492 1569 530 1649 gl
540 1567 602 1632 ius
622 1567 748 1650 ingenio
764 1568 802 1633 ad
817 1557 1008 1650 Theologiae
1022 1565 1086 1638 stu-

141 1673 225 1738 dium
241 1669 374 1749 tinniit,
390 1669 422 1736 in
438 1690 503 1752 quo
515 1670 632 1736 Leon
645 1692 699 1737 em
720 1674 854 1741 Iudam
869 1672 1014 1739 comitem
1029 1673 1087 1739 ha·

133 1776 209 1843 huit
233 1788 266 1865 et
279 1774 408 1838 amicum
423 1770 641 1842 fidelishmum.
684 1776 732 1840 De
748 1793 944 1859 praeceptore
961 1793 1088 1856 autem,

142 1870 355 1963 quouspsunt
368 1876 432 1961 illi,
453 1883 610 1948 audiamus
628 1879 807 1955 Leonem
824 1881 1087 1947 itadisserentem:

146 1987 209 2069 „E
228 1984 319 2051 uobis
342 1985 377 2069 [e
399 1980 641 2072 Blelu'nenstbus]
663 1984 775 2069 prodiit
797 1985 890 2050 nobis
917 1988 959 2052 D.
984 1987 1089 2052 Tho-

145 2109 228 2158 mas
250 2090 300 2158 ille
319 2090 671 2172 Vittenbachius,
691 2089 739 2155 vir
755 2085 787 2156 in
809 2090 893 2155 omni
913 2089 1090 2174 disciplina·

147 2218 216 2265 rum
242 2215 351 2281 genere
374 2190 656 2275 exercitatissimus,
676 2208 706 2258 et
726 2192 780 2275 qui
801 2208 928 2276 propter
951 2194 1090 2260 multiiu-

150 2325 218 2388 gam
240 2302 445 2368 eruditionem
469 2300 612 2365 omuibus
646 2297 736 2364 istius
766 2292 871 2363 saeculi
906 2297 1090 2366 doctissimis

148 2401 328 2474 hominibus
351 2402 501 2475 miraculo
518 2414 548 2466 et
573 2401 709 2482 stupori,
730 2416 761 2466 et
785 2402 919 2484 phoenix
942 2406 1089 2487 quaedam

94 2578 97 2587 ,
151 2513 274 2578 habitus
294 2508 342 2575 stt.
384 2507 458 2593 Quo
487 2519 684 2588 praeceptore
705 2506 922 2591 Zuinglius
954 2524 984 2573 et
1006 2526 1090 2588 ego,

145 2630 213 2679 uno
241 2614 410 2691 eodemque
432 2624 573 2691 tempore
590 2609 672 2676 eirca
694 2628 807 2678 anuum
828 2613 956 2679 Domini
971 2609 1090 2679 MDV

150 2714 281 2782 Bafileae
319 2712 435 2779 Literis
464 2731 586 2795 operam
616 2728 781 2797 navanter,
816 2714 938 2782 formati
972 2714 1086 2783 sumus.

131 2830 136 2859 ·'
150 2821 220 2886 Nec
235 2817 330 2881 solum
345 2816 376 2881 in
393 2816 577 2882 cultioribus
593 2815 784 2900 disciplinis,
797 2839 935 2900 quorum
953 2838 1015 2887 erat
1031 2823 1091 2887 cal·

149 2921 355 3001 lentissima,
376 2921 428 2987 sed
445 2922 477 2986 in
497 2921 709 3004 scripturarum
727 2941 852 3005 quoque
866 2925 1001 2992 veritate.
1043 2927 1093 2993 Ut

67 3060 70 3066 ·
152 3024 232 3098 enim
253 3031 347 3095 homo
368 3030 417 3094 ille
436 3040 553 3110 praeter
577 3027 752 3111 fingularem
775 3031 979 3112 eloquentiam
1000 3048 1092 3100 acuto

131 3153 216 3232 verat
244 3136 392 3221 ingenio,
419 3134 535 3215 multa,
566 3133 645 3218 qliae
661 3134 805 3218 ‘posteris
833 3138 1025 3222 temporibus
1054 3140 1093 3206 ab

567 3238 570 3243 ’
907 3252 909 3256 ’
962 3275 965 3279 ·
1025 3243 1094 3309 aliis

195 3369 251 3462 (r)
268 3401 306 3422 -
324 3375 420 3453 „Non
443 3374 529 3432 solum
552 3370 681 3434 Musicen
704 3374 739 3430 itu
763 3373 868 3442 coluit,
892 3370 940 3430 sed
970 3372 1094 3430 omnihus

155 3467 313 3527 Litetarum
337 3465 476 3535 studiosis,
496 3479 529 3522 ut
551 3466 666 3525 eandem
690 3468 747 3539 prri
772 3469 865 3526 secum
886 3468 990 3526 ratione
1017 3469 1095 3525 cole·

133 3634 137 3640 Ι
156 3578 237 3632 rent,
260 3560 337 3619 suasit
355 3557 571 3630 diligentisfime.
608 3562 680 3618 Cum
702 3562 769 3618 nihil
785 3559 819 3620 stt
842 3561 931 3631 enim,
950 3560 1025 3634 quod
1044 3560 1096 3616 hn-

132 3711 135 3717 ,
157 3655 237 3712 minis
256 3657 389 3720 animum,
412 3663 576 3724 quacunque
594 3653 702 3710 tristitia
721 3654 873 3724 turbatum,
891 3656 1033 3714 honestius
1045 3669 1096 3712 ex·

132 3730 273 3816 hilaret,
293 3742 454 3822 quacunque
474 3741 623 3802 severitate
643 3745 832 3805 obnubilatum
854 3747 1000 3808 iucundius
1021 3749 1098 3817 sere·

159 3857 231 3916 net,
249 3839 344 3915 quidni
365 3832 403 3897 lic
425 3834 585 3898 suafissetl”
614 3835 845 3933 Myconius
867 3841 978 3905 invita.
