2438 4426
298 865 302 881 Ι
339 761 556 874 [Ηεητῐεζιιε
584 772 871 857 nutrtngerus.

176 964 365 1050 Zuinini
385 965 437 1031 hie
456 961 633 1040 successor,
655 959 730 1042 qui,
753 960 837 1041 quud
862 958 912 1024 ille
936 956 1078 1041 reliquit,

134 1069 296 1149 stabilivit,
315 1067 372 1133 iun
385 1069 453 1133 iure
466 1069 586 1132 huncce
605 1079 737 1150 occupat
756 1070 871 1132 locum.
899 1064 985 1131 Illius
999 1066 1086 1130 enim·

133 1177 323 1240 immaturam
348 1170 566 1251 usurumque
585 1154 714 1235 murmur
737 1184 866 1253 omnes,-
889 1168 1004 1251 quinus
1027 1170 1078 1235 res

133 1279 327 1348 Christianae
356 1276 456 1340 essent
479 1293 568 1340 curae
588 1262 753 1357 cordique,
775 1292 866 1357 quam
889 1274 1085 1364 maxinteiutf

131 1381 256 1462 gebmt.
300 1379 374 1465 Quo
399 1394 502 1444 autem
530 1379 756 1461 Tigurinorum·
773 1390 918 1462 proceres
942 1380 1085 1465 cladem,-

132 1483 236 1564 quoad
261 1483 330 1548 eius
356 1482 422 1548 fieri
447 1481 573 1564 posset,
601 1484 783 1562 reticerent,-
808 1485 938 1549 'eundem
970 1483 1080 1562 illum,

133 1606 225 1668 quem
247 1587 311 1668 ipse
339 1589 584 1670 Zuininns,
614 1586 737 1651 humani
754 1588 828 1668 quid
847 1586 969 1653 iiforte
990 1588 1020 1652 'ei
1046 1584 1085 1654 in

132 1694 250 1773 praelio
265 1692 439 1769 accideret,
460 1694 720 1760 eommmdavetat
738 1689 960 1773 successorem,
981 1678 1088 1782 'Heni

133 1796 263 1862 ricum
285 1799 566 1879 Bullingerum
583 1799 712 1862 libenter
728 1813 890 1863 vocarunt.
933 1798 989 1862 lue
1005 1792 1086 1864 Luae·

133 1901 248 1966 theri
267 1901 407 1983 scriptis,
430 1903 613 1984 Zuinglii
630 1916 784 1980 praeterea
798 1902 1012 1968 consuetudine
1032 1903 1080 1968 in⁴

133 2003 281 2083 stitutus,
303 2005 584 2084 inconttitnenda,
606 2022 684 2084 quae
702 2005 761 2070 iam
780 2008 936 2071 emendata
955 2007 1080 2089 prodie-

133 2123 200 2187 rat,
220 2111 374 2190 Eccleiia,
395 2115 563 2193 prudenter
580 2122 609 2174 et
624 2108 748 2173 viriiiter
764 2111 919 2190 procesit.
963 2111 1027 2176 Ore
1047 2114 1084 2176 εἰ·

134 2212 253 2293 scriptis
277 2213 350 2279 huic
378 2216 422 2280 rei
443 2234 565 2296 operam
585 2211 718 2278 navavit.
761 2214 887 2293 Ingenio
910 2214 969 2279 fuit
996 2214 1077 2294 leni,

135 2317 168 2378 in
202 2318 343 2383 docendo
374 2319 551 2400 perspicuus
573 2334 604 2383 et
628 2317 823 2396 fimplicintis
852 2339 974 2399 amans,
1007 2319 1078 2385 osor

134 2419 320 2502 spinosarum
340 2423 576 2504 quaestionum,
596 2422 627 2486 in
644 2420 781 2488 sermone
803 2424 952 2489 humanus
971 2439 1004 2488 et
1024 2442 1078 2487 co·

134 2543 222 2606 meS,
243 2539 280 2591 ut
293 2545 362 2607 erga
377 2545 505 2608 omnes,
525 2525 566 2592 ita
581 2525 670 2592 etiam
693 2545 762 2609 erga
777 2529 973 2610 peregrinos,
996 2548 1077 2610 quos

132 2630 280 2696 salutandi
295 2646 348 2695 aut
367 2630 571 2714 interrogandi
589 2631 676 2697 causa
693 2632 887 2698 advenientes
910 2633 1008 2700 ruens
1026 2636 1078 2699 ad-

133 2731 222 2799 ruiiit.
266 2732 422 2815 Egregius
434 2732 581 2814 imprimis
597 2730 660 2801 fuit
673 2735 704 2800 in
717 2736 958 2804 administrandis
965 2742 1078 2815 rebus,

133 2843 174 2903 ad
196 2837 346 2905 Eccleiiae
364 2840 523 2904 commoda
549 2841 741 2908 ducentibus.
784 2843 819 2907 In
840 2844 985 2908 convictu
1012 2842 1079 2908 fru-

137 2940 213 3022 galis
235 2955 266 3004 et
290 2957 484 3023 temperans,
504 2942 608 3008 hilaris
632 2946 732 3008 tamen
755 2959 786 3006 et
811 2946 962 3009 iucundus
981 2944 1079 3008 omni-

137 3047 220 3122 bus,
242 3058 277 3107 ut
297 3049 354 3124 qui
373 3046 491 3129 semper
504 3045 636 3110 adferret
658 3046 799 3125 aliquid,
820 3048 906 3125 quod
926 3047 1078 3110 delectare

136 3159 167 3211 et
185 3145 288 3210 iuvare
305 3146 421 3226 posset.
465 3149 547 3212 Rara
561 3148 621 3214 fuit
635 3149 801 3228 industria,
822 3168 858 3215 ut
875 3148 992 3214 otiosus
1014 3147 1079 3212 esse

134 3269 291 3332 nunquam
304 3253 419 3333 posset.
440 3256 516 3320 Non
531 3253 641 3317 mirum
656 3254 771 3335 igitur,
791 3255 879 3317 talem
899 3253 998 3321 virum
1017 3254 1080 3318 exi-

135 3355 196 3418 mie
206 3355 355 3435 profuisse
370 3359 514 3424 Societati
525 3356 736 3432 Christianae,
757 3370 788 3421 et
804 3375 876 3421 mox
885 3377 955 3423 cum
962 3356 1079 3423 sacrum

135 3460 166 3522 in
184 3458 212 3521 se
230 3458 397 3538 susciperet
417 3482 552 3544 munus,
581 3464 710 3527 eundem
732 3459 786 3541 ipfi
808 3461 943 3525 animum
965 3460 1078 3540 fuisse,

136 3583 201 3641 quo
216 3567 327 3629 ductus
350 3567 448 3631 fuerat
468 3567 711 3648 Zuinglius,
733 3565 920 3646 iisdemque,
943 3585 1022 3647 quae
1042 3569 1080 3632 il·
1190 3641 1193 3644 Α

135 3669 164 3729 le
197 3670 365 3750 presserat,
392 3669 533 3736 institisse
564 3667 713 3750 vestigiis.
786 3669 823 3734 In
856 3689 895 3734 eu
929 3671 1079 3739 continuo

135 3770 216 3832 suam
236 3791 362 3852 operam
377 3774 568 3854 collocavit,
589 3787 625 3838 ut
649 3773 681 3836 in
703 3772 852 3855 Tiguriua
881 3772 1003 3840 civitate
1026 3778 1081 3843 Sa-

112 3886 258 3944 'ctorum
285 3876 427 3944 Ministri
456 3877 642 3944 haberentur
667 3877 744 3942 bene
763 3876 912 3960 instituti,
941 3893 972 3947 et
988 3879 1080 3946 bonis

207 4008 210 4013 -
263 4006 272 4017 ·
1013 4001 1081 4047 mo·
