2438 4426
627 166 912 250 (170)¹

245 320 304 429 res.
354 344 518 425 moratura
546 359 649 433 autem
681 363 781 437 morte
801 349 948 436 occubuit
970 352 1051 435 (A0.
1086 351 1194 433 1536,

245 466 304 519 aet.
321 453 423 537 44),
441 469 552 537 magno
565 451 612 521 sui
625 452 769 537 deiiderio
788 454 933 529 omnibus
948 455 1055 523 relicto
1074 455 1148 539 (r).
1182 512 1190 537 ,

631 636 755 744 ‘stu
804 748 807 753 ,
912 610 927 643 ⁵

336 844 340 853 Ι
365 867 643 955 wolfgangus
671 871 888 943 Fabricius
915 870 1078 955 Capito.
1160 932 1190 956 ¹.

288 1081 381 1151 Hunc
397 1079 565 1165 Theologis
579 1082 730 1149 Helvetiis
744 1074 952 1167 accensemus,
973 1079 1046 1161 quia
1057 1080 1097 1144 ita
1115 1096 1192 1151 crim

243 1182 303 1253 iltis
320 1184 503 1249 coniunctus
518 1201 601 1264 erat,
624 1201 658 1251 ut
674 1186 795 1251 eandem
810 1183 876 1269 fere
891 1183 1086 1267 sequerentur
1103 1185 1194 1267 cogi·

241 1287 326 1352 tandi
334 1286 504 1369 agendique
512 1289 678 1364 rationem,
692 1301 887 1369 mutuamque
895 1287 1048 1371 srbiopem
1057 1289 1191 1359 ferrent.

288 1391 603 1472 Oecolampadio
633 1390 780 1478 imprimis
811 1393 956 1472 Capito
990 1393 1192 1460 amicissimus

245 1495 318 1563 fuit.
364 1496 489 1578 Optime
513 1510 612 1562 autem
640 1507 709 1560 cum
738 1496 776 1560 de
800 1496 886 1572 aliis,
917 1509 980 1577 tum
999 1497 1126 1561 maxime
1147 1499 1192 1565 de

245 1601 559 1685 Argentoracetrsrbus
573 1600 634 1667 fuit
656 1596 792 1665 meritus.
833 1600 915 1665 Inter
938 1599 1113 1675 Balilednses
1133 1622 1193 1666 au-

245 1721 307 1770 tem
329 1707 468 1770 docendo
486 1705 731 1787 disputandoque
745 1702 841 1784 prima
856 1701 1096 1770 Reformationis
1113 1703 1192 1768 fun-

246 1807 767 1892 damentaiccisi'edici,polest(o).
807 1807 914 1889 zFuisse
929 1807 1046 1873 videtur
1058 1808 1194 1889 uirpro-

225 1915 325 2019 lus,
352 1914 510 1999 prudens,
536 1913 876 2003 eloquennomnium
899 1912 1070 1983 Literarum
1097 1915 1189 1996 cupi-

1124 2017 1191 2085 di&

281 2183 676 2264 (1)Adamur,lnvita
776 2200 779 2209 ·

279 2280 335 2361 (2)
356 2285 466 2343 Iuvenis
488 2297 599 2340 naturae
618 2280 740 2358 'quodam
756 2283 871 2356 impulsu
893 2284 920 2340 ln
942 2282 1114 2354 Theologica
1130 2281 1188 2341 stu-

243 2381 287 2439 dio
306 2380 458 2442 ferebatur.
496 2377 582 2452 Quod
604 2379 674 2452 patri
695 2376 852 2451 displicuit,
881 2378 918 2449 de
940 2378 1093 2452 depravatis
1117 2379 1188 2438 cle·-

242 2477 365 2534 ricorum
384 2475 507 2534 moribus
520 2474 637 2533 solicito.
661 2474 821 2532 Medicinae
840 2476 925 2548 igitur
951 2473 1108 2546 disciplinae
1131 2470 1189 2528 stu-

242 2569 318 2628 dium
337 2571 464 2638 navavit,
493 2572 521 2625 in
536 2586 590 2638 qua
604 2569 723 2626 lummor
746 2567 847 2626 deinde
875 2564 1055 2624 consccums‘
1069 2580 1112 2624 cst
1133 2565 1190 2624 iro-

240 2678 335 2721 nores.
371 2664 492 2719 Mortuo
510 2675 602 2721 autem
620 2674 720 2733 patre,
751 2665 786 2719 ica
807 2665 837 2720 se
862 2660 956 2719 denuo
979 2661 1014 2717 ad
1033 2662 1190 2736 Tincologl,

241 2773 285 2827 qm
306 2756 458 2826 applicuit,
477 2768 509 2809 ut
531 2754 611 2813 huius
633 2755 713 2812 etiam
732 2753 891 2826 disciplinae
914 2753 1015 2813 doctor
1029 2772 1187 2818 crearetur.

117 2847 120 2853 ’
241 2847 423 2917 muchlena,
453 2849 574 2921 regionis
609 2847 738 2923 Spirensrs
769 2847 920 2922 oppidulo,
950 2851 998 2909 ubi
1021 2852 1188 2924 aliquamdiu

241 2951 316 3010 sacta
333 2945 556 3019 ministraverat,
583 2942 713 3007 uallum
735 2957 850 3007 voeatm
873 2959 926 3007 ert.
954 2947 1081 3008 oenoe
1106 2950 1186 3009 Con·

242 3046 367 3107 cionator
390 3056 419 3103 et
446 3039 620 3105 Coui'rliarius
640 3038 714 3118 (sive
745 3038 947 3117 cancellarius)
968 3042 1190 3117 Archlepiscopi

193 3147 194 3151 ’
240 3141 403 3215 Mogontini
420 3140 508 3209 laeuus
528 3150 581 3227 est.
616 3138 689 3201 Tum
718 3153 790 3197 vero
810 3136 880 3198 Iuris
904 3135 1094 3213 Ecclesiasticl
1115 3138 1185 3199 doc.-

241 3253 287 3301 tur
303 3250 345 3313 est
365 3249 489 3305 creatus,
518 3249 551 3295 un
571 3247 599 3294 et
620 3232 721 3295 Christi
741 3251 849 3310 regnum
865 3249 1042 3311 promouere*
1067 3247 1096 3295 et
1121 3231 1187 3303 bal»

240 3335 330 3407 syrnia
359 3328 483 3407 Ecclefiae
494 3325 589 3403 facere
609 3327 713 3402 posset.
779 3330 884 3387 Verum
909 3344 973 3393 cunr
989 3327 1120 3399 videret,
1152 3328 1206 3405 sq,

240 3425 271 3487 id
281 3423 386 3499 quod
407 3423 547 3494 uolebat,¹
559 3423 605 3483 hic
626 3422 731 3499 assequi
753 3440 810 3483 non
827 3424 934 3497 posse
950 3426 1047 3483 relicta
1057 3423 1192 3499 Moron·-

241 3521 278 3597 tia
296 3521 510 3592 Argentoratum
533 3513 642 3594 (1523)
660 3517 806 3591 profectus
828 3532 892 3586 est,
911 3519 985 3576 ubi
977 3536 1003 3576 tn
1019 3516 1132 3577 aedibus
1152 3516 1185 3581 8·

239 3615 364 3673 Thomas
394 3614 471 3673 sacro
497 3628 611 3675 munte
634 3612 809 3697 iungeretur
865 3613 960 3677 Hac
952 3630 979 3691 ur
1013 3615 1083 3675 urbe
1106 3611 1186 3689 diem

240 3706 311 3765 obiit
328 3710 495 3781 supremum.
