2438 4426
547 326 731 413 (¹⁶2)

157 545 244 603 nem,
272 533 308 587 nt
326 520 478 586 meliorent
502 516 675 582 invenirent
698 513 968 594 resurrectionem.
1022 518 1090 586 Eo

154 647 191 696 ut
206 629 255 693 hic
271 625 449 692 resurrectio
465 638 523 703 pro
539 619 602 683 nitu
615 617 748 699 animae,
769 639 858 702 quom
876 619 983 685 solutu
993 642 1092 704 corpo

154 733 341 801 rehabitura
357 742 431 806 est,
450 724 598 807 accipitur
616 724 656 787 ad
678 722 761 786 hunc
780 722 916 789 sensum:
941 724 987 791 fic
1011 728 1091 793 vitun

155 843 267 918 istem,
288 856 366 919 quoe
383 834 460 898 itanc
473 829 609 911 sequitur
629 828 759 910 amplexi
784 828 872 903 sont,
902 842 943 893 ut
965 831 1091 911 praesen

153 960 213 1013 tent
229 944 365 1019 nollent,
385 931 744 1012 moturemoture,
765 935 909 1012 recipere.
935 932 1093 1002 Terocen·

153 1052 232 1117 stans
250 1050 329 1113 enirn
349 1060 411 1111 eret
439 1042 538 1118 fides,
558 1052 594 1102 ut
615 1034 823 1113 certicefore,
844 1054 931 1115 eant,
956 1058 1041 1120 quoe
1058 1039 1094 1105 se·

152 1168 316 1237 queretur,
338 1149 495 1213 meliorent
522 1139 596 1207 esse.
639 1141 731 1208 Unde
753 1157 785 1207 et
811 1143 929 1210 Christi
945 1148 1092 1225 verboru,

151 1258 237 1341 quod
260 1255 368 1317 loono.
390 1253 421 1315 6.
449 1248 598 1312 habetur:
620 1244 690 1329 Ego
711 1245 894 1327 resuscitabo
910 1268 984 1313 mm
998 1252 1038 1314 in
1050 1268 1102 1315 nr·-¹

150 1364 265 1449 oisfim
286 1360 356 1427 dic:
377 1374 441 1421 non
465 1353 559 1420 debet
584 1347 615 1413 in
642 1348 734 1414 aliurn
759 1347 872 1415 sensum
887 1351 1103 1435 detorqueri-,¹

149 1488 264 1552 quant:
288 1484 366 1549 ego.
397 1463 470 1527 dum
493 1458 520 1521 is
539 1454 689 1533 morior,
711 1452 764 1533 qui
788 1471 838 1519 me
860 1452 951 1534 fidit,
984 1457 1020 1522 in
1038 1458 1095 1523 vite

146 1574 288 1639 servabo.
331 1570 376 1633 Ut
397 1568 449 1631 vel
471 1563 622 1636 instituet,
644 1576 798 1641 nunquam
823 1558 1092 1638 immeritum,

147 1677 202 1757 qui
217 1674 246 1737 se
261 1674 374 1736 fidam:
397 1668 447 1729 vel
463 1682 621 1742 nunquam
636 1682 700 1729 non
714 1661 924 1729 iucundisssme
938 1666 1094 1747 perniciu-

147 1793 214 1840 ros.
257 1767 452 1837 Novissrmus
469 1781 566 1831 autern
584 1768 650 1834 dies
664 1767 756 1835 isthic
777 1788 841 1834 non
865 1784 925 1834 tem
953 1786 1005 1837 est
1027 1771 1092 1838 ulti-

146 1896 217 1944 mus
234 1876 283 1940 iile
300 1872 436 1939 otuniunr
453 1889 554 1933 return
573 1874 736 1951 praetentis
755 1876 882 1951 nitendi,
903 1894 997 1954 quam
1015 1892 1104 1959 pos--

145 2000 261 2051 ttetnus
280 1980 449 2059 cuiusque.
471 1975 544 2038 duur
562 1996 602 2040 ex
624 1978 685 2043 hoc
711 1980 826 2044 mundo
851 1978 1013 2062 demigrat.
1055 1982 1105 2047 Id·

145 2090 230 2173 quod
246 2088 354 2151 loono.
373 2098 403 2163 5.
428 2078 515 2145 facile
531 2080 781 2160 deprehenditur:
802 2085 837 2146 r'rr
861 2080 1009 2150 iudeorum
1032 2106 1105 2151 non·

143 2195 246 2268 eterit,
261 2188 322 2269 scri
333 2188 461 2254 transiit
474 2205 496 2246 o
516 2197 613 2247 morte
628 2187 662 2248 in
676 2186 810 2251 vitam?

189 2343 209 2377 „
230 2293 281 2360 Ad
297 2295 379 2356 hunc
398 2307 470 2370 ergo
486 2289 610 2352 modum
622 2290 817 2371 Apostolus,
842 2311 855 2355 1
876 2291 945 2358 Cor.
968 2302 1090 2375 15.οέὁ

141 2400 238 2467 currit
252 2397 354 2464 sciolis
371 2395 459 2470 istis,
481 2391 533 2470 qui
552 2409 635 2456 nunc
662 2392 786 2472 perinde
802 2411 893 2476 etque
910 2394 994 2462 iilius
1013 2413 1090 2463 tetn·

140 2516 259 2587 pestate
276 2510 468 2584 prorepunt,
489 2514 523 2558 oc
544 2493 668 2571 dieunt,
689 2495 795 2561 tonino
814 2500 945 2578 quodem
970 2502 1087 2569 animes

141 2605 256 2685 i'tpcliri
280 2622 315 2667 ac
337 2600 455 2675 teneti,
475 2616 576 2677 usque
598 2601 635 2663 ad
652 2600 792 2664 uitiorum
807 2602 975 2683 iudicium,
1000 2602 1087 2689 quod

142 2704 315 2789 quid-tiind
336 2704 392 2782 stt,
415 2720 504 2782 quern
528 2699 643 2765 animae
670 2703 923 2773 immortalitatem
945 2726 1103 2793 negore‚·

139 2828 203 2877 non
223 2807 325 2875 video.
368 2807 445 2874 Mos
461 2824 536 2887 ergo
553 2821 616 2870 erat
632 2806 776 2886 gentibus
800 2822 927 2895 quoque
946 2824 1037 2897 (nam
1054 2816 1104 2883 e't·

141 2915 240 2983 timuis
262 2911 356 2979 ferme
378 2929 470 2988 cura,
493 2929 582 2992 quent
607 2928 666 2974 nos
686 2930 745 2992 pro
767 2917 896 2981 mortuis
911 2916 1104 2999 gessrrnus‚'¹

137 3042 155 3089 n
169 3022 280 3103 priscis
298 3016 440 3100 gentibus
461 3018 498 3081 ed
512 3012 569 3080 nos'
587 3030 634 3080 est
647 3018 788 3083 translata
798 3019 829 3102 ‚)
848 3038 911 3084 non
923 3021 1011 3088 aliter
1025 3034 1104 3108 pro·

137 3122 266 3188 mortuis
278 3118 375 3200 tingi,
397 3133 489 3199 atque
504 3137 681 3185 noseorum
699 3139 895 3186 monumenta
915 3124 1033 3192 lustrali
1050 3128 1085 3192 ii·

136 3244 233 3307 quore
251 3223 473 3288 lttrnrectttnuS.
515 3224 628 3290 Probet
643 3223 780 3302 igiturex
794 3244 900 3293 cortun
917 3227 997 3307 ritu,
1017 3235 1084 3299 ani.

134 3346 199 3393 rnns
217 3323 278 3389 esse
296 3322 492 3392 immortales.
536 3327 615 3390 Nam
638 3327 777 3391 sttniuus
795 3329 855 3396 hoc
877 3333 1085 3417 permittant,

134 3430 190 3497 iam
218 3423 422 3519 contradicere
444 3428 582 3510 publicae
609 3429 842 3510 consuetudini,
870 3455 928 3516 qua
955 3440 1083 3517 quidum

133 3550 192 3615 pro
209 3524 339 3592 mortuis
361 3525 423 3592 sese
439 3531 579 3612 tingant,
602 3535 686 3611 quod
708 3533 729 3598 sr
753 3550 943 3603 mortuorum
963 3541 1083 3610 animas

133 3630 294 3700 crederent
311 3624 398 3690 fimul
420 3649 491 3694 curn
511 3651 642 3714 corpore
659 3634 825 3718 extinctas,
854 3657 918 3706 non
942 3614 1087 3723 baptizo-¹

131 3748 235 3805 rentur
252 3748 309 3811 pro
323 3727 379 3790 eis.
424 3731 500 3796 Non
517 3738 602 3816 quod
616 3736 710 3803 Patrio
726 3741 875 3823 probetur
898 3744 955 3808 ista
971 3748 1081 3828 bapti-

131 3835 218 3913 zandi
230 3829 436 3901 consuetodo:
461 3835 511 3903 sed
528 3851 562 3904 ut
578 3837 776 3906 adversarium
791 3841 846 3909 sno
869 3845 989 3927 iugulet
1013 3856 1080 3929 gie-

967 4000 969 4005 .
1000 3953 1077 4035 din,
