2550 4426
611 252 772 339 (72)

217 435 344 516 Deinde
361 433 513 519 Tigurum
533 433 715 525 profectus,
735 434 853 525 Brere,
873 446 1057 518 annotant,
1076 439 1158 509 Pon·

220 543 310 617 tificis
324 541 460 627 accepit,
480 540 522 606 stc
541 539 603 605 sese
619 540 753 606 habenta
1020 616 1022 622 ¹
1119 617 1124 625 ¹
1159 598 1163 607 .

424 643 632 732 Adrianus
659 643 762 727 Papa
790 643 955 715 Sextus

264 750 424 832 „Dilecte
440 747 504 826 fili,
523 746 669 824 salutern,
690 762 719 811 et
744 746 956 828 Apostolicam
972 720 1167 812 benedictio·¹

222 898 245 932 „
264 869 346 916 nem.
390 848 587 915 Remittimus
602 850 801 927 venerabilem
824 848 946 915 fratrem
969 852 1160 935 Ennium,

222 999 244 1038 „
262 956 453 1038 Episcopum
468 952 675 1030 Verulanum,
696 954 863 1018 Praelatum
878 956 1078 1020 domesticum
1089 972 1162 1019 nos·

223 1104 245 1140 „
264 1072 366 1137 trunr,
388 1072 435 1123 et
461 1053 770 1138 apostolicaesedis
797 1057 971 1138 Nuntium,
1007 1059 1161 1133 hominem
1245 1072 1251 1082 ·

222 1160 423 1242 „prudentia
443 1173 475 1223 et
502 1158 561 1245 fide
583 1156 799 1247 praestantem,
821 1160 859 1223 ad
889 1161 975 1224 istam
1001 1161 1163 1240 invictam,

223 1311 246 1348 ,‚
265 1263 417 1344 nobisque
429 1278 460 1328 et
475 1261 546 1329 huic
569 1261 695 1327 Sanctae
718 1258 791 1330 Sedi
815 1261 1087 1329 coniunctissrmam
1111 1282 1166 1329 na·
1259 1330 1262 1335 ,

225 1413 248 1467 „
265 1367 403 1446 tionem,
424 1381 459 1434 ut
487 1364 673 1451 semaximis
692 1369 785 1434 rebus
801 1387 884 1453 nos,
898 1383 943 1433 et
965 1371 1088 1433 eandem
1110 1368 1166 1439 Se·

222 1517 250 1554 ‚,
268 1473 360 1551 dem,
387 1482 544 1557 totamque
577 1468 780 1555 Christianam
796 1469 1055 1552 rempublicam,
1090 1489 1166 1537 con·

224 1621 249 1657 „
268 1573 460 1642 cernentlbus
482 1590 552 1639 cum
573 1571 624 1637 illa
641 1589 720 1667 agat.
763 1576 853 1657 Licet
872 1589 974 1641 autern
998 1573 1027 1639 ei
1050 1571 1167 1639 dederi·

220 1724 251 1767 „
269 1697 338 1744 mus
357 1675 388 1741 in
404 1675 573 1753 mandatis,
595 1689 630 1740 ut
646 1696 681 1742 ea
706 1679 907 1745 communiter
930 1696 1015 1744 cunr
1022 1664 1166 1742 omnibus

227 1816 250 1864 „
270 1795 301 1846 et
314 1779 436 1862 publice
449 1789 578 1846 tractett
600 1793 702 1846 tamen
715 1802 784 1860 cunr
799 1782 837 1848 de
851 1796 902 1850 tua
920 1780 1039 1865 egregia
1054 1780 1167 1844 virtute

228 1882 436 1968 „specialiter
454 1882 546 1948 nobis
561 1882 608 1959 stt
628 1885 807 1967 cognitum,
827 1902 949 1966 nosque
970 1881 1167 1949 devotionem

193 2028 196 2033 ‚
229 2001 353 2083 „tuam
376 1987 487 2054 arctius
510 2007 646 2054 amemus
669 2007 703 2052 rc
729 1988 910 2077 diligamus,
931 2006 966 2052 ac
986 1979 1167 2071 peculiarem

137 2160 139 2163 ,
227 2136 249 2190 „
269 2075 466 2191 quaudamrn
482 2090 614 2183 tetidem
630 2078 818 2175 habeamus,
839 2090 1046 2164 mandavimus
1070 2090 1169 2157 eidem

153 2231 155 2236 ·
227 2241 251 2278 „
268 2181 452 2290 Episcopo,
481 2195 602 2265 Nuntio
624 2211 755 2277 nostro,
776 2211 812 2262 ut
839 2195 895 2262 tibi
916 2194 1072 2276 separatim
1094 2211 1169 2259 nos·

227 2348 250 2384 „
269 2316 340 2391 tras
352 2302 456 2366 literas
478 2301 633 2377 redderet,
655 2315 853 2379 nostramque
876 2316 946 2380 erga
969 2314 999 2363 te
1022 2298 1169 2380 optimam

194 2401 195 2404 ’
228 2450 251 2489 „
269 2383 458 2502 voluntatem
486 2401 660 2466 declararet
702 2401 871 2466 Hortamur
901 2401 1004 2483 itaque
1030 2400 1170 2489 devotio·

228 2557 251 2592 „
269 2526 338 2574 nem
355 2523 437 2574 tuam
452 2505 484 2569 in
503 2503 660 2584 Domino,
682 2517 763 2572 utet
784 2505 828 2571 illi
856 2522 978 2569 omnem
1002 2503 1092 2568 fidem
1114 2484 1170 2569 ha·

229 2613 362 2694 „beas3
385 2623 417 2673 et
440 2625 503 2687 quo
527 2625 587 2670 nos
611 2606 711 2671 animo
731 2610 773 2678 ad
784 2609 919 2673 honores
936 2620 1009 2670 tuos
1032 2618 1064 2669 et
1084 2621 1170 2670 corn·

181 2704 184 2710 ’
230 2762 252 2799 „
270 2716 360 2780 moda
375 2709 549 2785 tendimus,
569 2709 675 2773 eodem
690 2723 723 2774 tu
740 2709 771 2774 in
787 2711 925 2787 nostris,
946 2723 978 2774 et
996 2710 1091 2774 dictae
1113 2709 1170 2773 Se-

230 2867 252 2903 „
265 2817 319 2886 ,dis
342 2810 542 2907 Apostolicae
566 2811 660 2877 rebus
680 2814 838 2893 procedas.
882 2815 930 2901 De
954 2831 1018 2895 quo
1043 2811 1170 2896 gratiam

228 2952 252 3007 „·
271 2921 354 3002 apud
368 2935 427 3005 nos
443 2913 580 3007 invenies
597 2930 660 2978 non
678 2918 875 2985 mediocrem.
919 2917 1031 2983 Datum
1050 2915 1170 2981 Romae

229 3071 252 3111 „
270 3024 351 3104 apud
374 3021 407 3088 S.
422 3020 570 3107 Petrum
593 3015 648 3107 sub
684 3023 798 3089 annulo
826 3019 1012 3113 piscatoris,
1047 3020 1096 3086 die
1129 3038 1171 3101 23

221 3177 253 3223 ¹„
270 3125 400 3220 ¹Ianuarii
418 3139 519 3207 1523,
540 3121 654 3193 Pontis.
672 3123 770 3209 nostri
788 3142 871 3192 anno
888 3123 1011 3206 primo”
1036 3128 1107 3209 (1).
1135 3165 1141 3175 ι

267 3397 322 3481 (ι)
340 3443 360 3476 ,,
379 3401 438 3460 Non
456 3399 497 3458 ad
515 3395 597 3474 pom
617 3396 775 3468 firlrrnttanc
791 3394 938 3473 scripserat
959 3392 1110 3469 penetra,-
1123 3390 1175 3465 sed

233 3505 318 3558 etiam
339 3493 668 3556 adFranclscunr
698 3487 1173 3564 Zinggium,uefibiee8edi

232 3579 394 3666 Apostolicere
410 3591 498 3645 ninam
517 3584 683 3655 lucrfficaret.
724 3583 771 3641 Ex
787 3600 836 3655 quo
856 3599 915 3640 cum
933 3583 1067 3658 Myconius
1090 3599 1174 3657 qaae·

227 3682 332 3760 fissae:
351 3681 442 3756 ecquid
450 3679 499 3755 pol
494 3680 583 3735 licitus
599 3688 649 3750 pro
665 3677 709 3733 illo
731 3677 812 3750 Papa
828 3674 913 3763 esset?
930 3674 1013 3748 serio
1023 3676 1172 3754 respondit

233 3777 321 3836 omnia
335 3790 426 3848 certe,
438 3789 553 3859 praeter
563 3771 654 3833 Sedent
664 3769 819 3848 Papatffl
838 3757 1066 3862 Hottinger,
1079 3772 1125 3830 14.
1089 3766 1174 3922 ‚1le¹

1107 3227 1172 3305 Nq-
1258 3275 1265 3283 ,
