2438 4426
556 244 742 330 (athi

457 424 461 431 Ι
481 470 515 534 4.
537 450 588 518 De
607 428 801 540 eraserunt.

216 642 265 709 De
278 637 468 707 confesfione
483 638 560 705 haec
573 640 702 706 tenenda
716 638 809 733 iamt.
855 639 978 723 „Satis
1000 637 1129 707 confite·
1151 626 1153 631 ’

173 759 247 826 tur,
269 745 324 827 qui
346 745 416 812 Deo
440 742 518 810 fidit.
548 741 602 822 Ps.
635 764 705 825 ¹04·
733 765 745 809 r
772 745 883 810 Ioann.
903 765 945 826 4:
978 743 1127 827 quicum

174 852 274 916 laudat
291 866 322 916 et
337 848 445 933 gratias
461 846 526 930 agit
539 865 599 929 pro
618 848 760 930 impensis
785 849 962 930 beneficiis,
984 863 1019 913 ut
1033 844 1127 927 coafi-

173 958 279 1021 temim'
295 955 448 1031 Domino,
468 953 748 1039 quartanarum,
770 955 1023 1036 quemadmodum
1046 953 1133 1019 ceci--

171 1072 284 1124 nerunt
299 1057 351 1122 filii
364 1060 456 1143 Israil
469 1057 628 1124 Pharaone
644 1057 761 1123 merso:
785 1057 842 1139 qui
861 1072 985 1141 peccata
998 1057 1049 1124 sua
1067 1075 1125 1139 ag·

170 1164 273 1229 noscit
290 1170 441 1229 acconam
459 1162 596 1228 Domino
612 1163 773 1245 deplorat,
794 1159 856 1239 fic,
885 1161 939 1242 qui
967 1161 1126 1244 praedica-

169 1267 254 1332 tione
267 1266 389 1332 Ioannis
405 1266 715 1348 compungebantur,
736 1267 960 1348 agnoscebant,
982 1265 1124 1332 fichabe-

170 1390 230 1456 re,¹
256 1370 511 1452 quemadmodum
538 1371 589 1434 ilie
615 1370 763 1434 docebat:
793 1370 848 1451 qui
868 1369 983 1436 assidue
998 1371 1122 1436 veniam

160 1466 259 1541 'sociis
281 1472 427 1539 fratribus
446 1473 536 1540 orat’'
555 1474 620 1540 Iac.
640 1490 671 1554 ς.

183 1614 188 1620 ·
211 1581 296 1647 Male
320 1576 415 1663 igitur
428 1574 579 1645 pontificii
601 1573 824 1644 confasionem
846 1577 969 1645 laudant
990 1581 1132 1644 aurita--

172 1683 282 1749 laram.
1128 1686 1132 1691 '

469 1906 501 1971 5.
523 1889 574 1954 Dc
593 1888 809 1954 Matrimonia.

206 2098 440 2167 Matrimonium
465 2096 530 2163 esse
551 2096 765 2163 sacramentum
785 2112 849 2163 uon
872 2096 997 2176 probari
1011 2112 1119 2180 potest

165 2201 237 2266 loco
252 2202 379 2271 Paulino
395 2201 509 2289 Epiros.
532 2218 563 2282 5.
611 2202 811 2283 „Peccatum
836 2202 918 2267 enim
943 2217 990 2268 est
1011 2203 1049 2268 ab
1069 2204 1120 2269 in·

167 2318 322 2386 terprete,
344 2306 419 2386 qui,
437 2306 560 2387 quoties
575 2327 727 2371 arcanum
744 2324 802 2386 pro
808 2309 952 2388 ¹mysterio
960 2307 1117 2373 traducere

165 2410 338 2490 debuisset,
353 2408 785 2493 sacramentumtranstulit.”
806 2439 843 2461 ··
862 2407 1118 2495 „Quodfisacra

165 2527 302 2578 mentum
328 2511 391 2576 esse
409 2514 576 2577 contendas
597 2512 821 2579 matrimonium
845 2533 880 2578 ea
902 2515 1008 2596 causa,
1030 2515 1116 2598 quod

166 2616 326 2683 Christum
349 2631 380 2677 et
399 2616 561 2687 Eccleiiam
579 2616 707 2696 figuret,
729 2615 805 2679 nihil
829 2616 1026 2685 morabimur.
1070 2620 1115 2690 At
1169 2670 1179 2683 .

163 2735 227 2783 non
244 2731 290 2785 est
305 2714 452 2791 initiatio,
473 2714 526 2780 sed
539 2714 649 2778 foedus
673 2717 753 2778 vitae
765 2712 1116 2803 fortunarumquecon·

162 2821 299 2898 iunctio,
322 2831 351 2882 et
370 2817 543 2883 communis
556 2819 630 2899 alea.
677 2819 758 2884 Cum
778 2836 855 2899 ,ergo
871 2821 989 2888 Christi
1007 2840 1037 2890 et
1053 2828 1127 2894 Ec·.

162 2926 264 2994 ciesrae
298 2920 476 2989 coniunctio
501 2919 685 2986 matrimonii
723 2925 948 3003 comparatione
976 2927 1112 3012 dicitur,

164 3031 239 3115 quid
258 3048 340 3112 opus
354 3041 402 3092 est
419 3025 499 3091 inter
514 3022 909 3102 sacramentanumemret”
943 3040 947 3046 ·
1120 3090 1131 3107 ,

206 3136 369 3213 Caeterum
392 3149 461 3217 cunr
479 3126 645 3195 honorifica
666 3150 716 3196 res
731 3131 768 3201 srt
781 3133 989 3216 connubium,
1011 3137 1110 3211 Hebr.

167 3259 225 3322 13:
251 3287 271 3320 „
291 3257 346 3303 cur
370 3256 433 3302 rem
455 3237 515 3303 Dei
537 3233 625 3322 etiam
648 3238 826 3323 testimonio
849 3237 998 3320 sanctam,
1029 3243 1111 3322 piam

161 3364 198 3411 ac
213 3346 325 3412 bonam
341 3343 522 3422 quibusdam
535 3339 766 3407 interdicimus?
784 3355 858 3424 puta
868 3343 1110 3424 Sacerdotibus,

163 3445 330 3515 Monachis
348 3458 380 3508 et
397 3443 602 3525 Monachus,
623 3445 813 3529 Episcopis,
841 3445 901 3510 hoc
926 3462 993 3529 est,
1021 3441 1109 3514 verbi

952 3606 955 3613 .
1000 3638 1003 3643 Ι
1052 3553 1110 3617 mi·

160 3687 233 3735 trum
276 3672 532 3735 Ecclesiasticorunt
558 3674 610 3734 hac
650 3674 687 3734 de
718 3690 750 3733 re
780 3675 943 3747 sententiis,
973 3676 1110 3739 uidelicet

134 3800 145 3813 ··
159 3768 321 3834 Tertulliani
328 3809 339 3841 ,
358 3769 527 3843 Augustini,
546 3769 698 3846 origem,
719 3770 838 3842 Hilarii,
857 3771 1033 3844 Hieronymi.
1109 3818 1112 3825 .
