2438 4426
520 274 683 366 (να)

129 479 166 531 ut
190 462 305 531 nriietis
329 464 553 545 succurrerent,
575 481 611 533 ut
635 480 718 549 quae
750 468 800 532 vel
822 468 910 548 plma
929 452 1083 536 Christian

129 567 311 635 hominibus
327 568 518 650 iniunxerat,
538 573 723 654 praestarent
740 570 934 639 humanitatis
954 573 1080 651 officia3

132 673 241 739 deinde
265 673 417 753 Mariam,
451 674 517 740 Iesu
549 689 696 756 matrem,
727 692 792 739 non
824 693 986 756 pravorum
1011 673 1081 749 esse

136 792 314 860 patronam,
338 774 388 840 sed
396 776 467 858 pios
484 778 600 860 placere
614 780 706 860 De03
750 778 879 845 Sanetos
899 799 994 863 porro
1010 790 1081 857 non

137 883 280 964 precibus
303 878 365 944 csse
386 881 534 947 colendos
559 885 724 966 votisque,
747 880 798 947 sed
819 883 964 964 virtutis,
990 885 1081 965 quod

137 989 302 1064 dederunt,
329 983 474 1051 imitando
492 990 653 1071 exemplo,
696 987 829 1069 denique
846 989 1004 1055 Christum
1029 986 1081 1065 e's2

137 1089 168 1154 se
200 1087 320 1152 unicum
343 1087 501 1154 hominum
526 1092 779 1157 Conservatorem
802 1092 870 1173 (1).
913 1093 1082 1157 Verumta-

135 1209 204 1257 men
224 1191 373 1273 imprimis
396 1206 560 1274 postquam
586 1196 776 1272 innotuerat,
798 1194 1021 1263 samsonem
1045 1193 1084 1258 in

134 1293 275 1363 Helvetia
296 1293 498 1378 indulgentias
526 1297 716 1377 nundinare,
745 1302 886 1381 placitum
910 1299 1005 1365 hocce
1039 1301 1083 1365 de

135 1401 252 1480 modo,
275 1419 338 1482 quo
352 1400 493 1467 homines
508 1422 579 1467 eum
593 1404 663 1469 Deo
680 1405 932 1484 reconciliantur,
950 1402 1080 1470 uberius

135 1503 298 1586 exposuit,
321 1523 353 1574 et
364 1506 464 1573 auimo
482 1507 609 1603 maxime
626 1529 782 1575 commuto
799 1510 873 1576 utiit
886 1509 958 1592 (a).
991 1508 1082 1594 Quid

131 1622 237 1677 ¹auteur
256 1609 362 1692 primis
384 1624 518 1691 quatuor
539 1615 626 1679 annis
655 1615 824 1697 Tigurinos
856 1613 983 1690 docuit,
1013 1611 1080 1692 ipse

134 1729 248 1779 narrat.
294 1760 316 1795 „
338 1714 432 1781 Anno
459 1717 570 1784 abhinc
589 1721 710 1801 (1522)
737 1731 847 1801 quarto
861 1715 989 1781 solidum
1010 1717 1079 1782 Eu·

133 1817 286 1900 angelium
311 1817 473 1886 secundum
493 1823 684 1888 Matthaeum
701 1818 891 1902 praedicavi,
918 1838 982 1900 quo
1002 1821 1078 1884 tem·

129 1939 212 2005 pore
230 1921 357 2009 ¹'allorum
375 1927 499 1992 nomina
519 1942 558 1993 ne
579 1925 728 1991 nominati
753 1925 878 2007 quidem
902 1923 1077 2002 audieram,

134 2046 270 2111 quorum
287 2026 429 2097 factioms
444 2048 493 2094 me
507 2030 694 2098 insimulatis.
733 2029 880 2097 >Adiunxi
904 2026 1077 2111 Euangelio

134 2132 279 2217 protinus
294 2135 520 2217 Apostolorum
542 2151 628 2214 acta,
649 2151 684 2200 ut
704 2134 852 2217 Tiguriua
873 2131 1008 2201 Ecclefia
1031 2131 1078 2196 vi·

135 2242 328 2323 decem-quo
348 2253 459 2323 pacto,
490 2239 642 2321 quibusve
664 2238 844 2304 authoribus
873 2236 1078 2319 Euangelium

134 2357 338 2429 propagatum
364 2343 442 2408 esset
472 2363 507 2409 ac
533 2345 772 2424 promulgatum.
824 2339 974 2405 Successit
1003 2358 1078 2405 mox

133 2449 222 2534 prior
243 2448 328 2518 Pauli
345 2449 383 2533 ad
407 2447 609 2515 Timotheum
627 2445 775 2528 epistola,
797 2445 881 2524 quod
901 2445 975 2506 mire
992 2443 1080 2509 vide.

131 2567 220 2621 tetur
238 2557 408 2623 conducere
434 2552 552 2634 optimo
570 2551 665 2632 gregi.
709 2549 744 2614 In
760 2567 795 2612 ea
818 2547 896 2612 enim
915 2546 1007 2610 veluti
1028 2565 1078 2611 ca·

132 2676 232 2735 pones
251 2659 373 2739 quidam
397 2673 516 2720 mormu
538 2649 715 2717 Christiano
736 2649 897 2732 dignorum
920 2649 1079 2715 contineti-

132 2773 196 2829 tur.
240 2761 303 2841 Hic
328 2781 424 2843 quum
440 2762 478 2835 de
500 2759 559 2824 tide
578 2755 702 2838 quidam
723 2756 805 2822 scioli
827 2774 890 2821 non
907 2772 985 2822 recte
1012 2754 1079 2820 sen·

132 2864 248 2943 ruent,
261 2864 430 2932 secundant
459 2862 618 2944 epistolam
650 2862 689 2927 ad
720 2861 920 2926 Timotheum
950 2858 1077 2939 distuli,

132 2972 235 3039 donee
262 2989 360 3051 mm,
377 2988 456 3050 quae
477 2965 687 3050 Gouograecis
709 2965 816 3048 scripta
840 2979 911 3042 est,
944 2980 1077 3028 enarras-

137 3076 221 3155 sem,
242 3089 307 3141 tunt
332 3074 411 3143 illam
433 3091 559 3153 quoque
583 3071 716 3166 adiunxi.
760 3069 927 3161 Cumque
919 3087 978 3134 ram
1004 3065 1078 3134 dieti

138 3179 225 3251 scioli
241 3199 280 3247 eo
297 3177 424 3246 insaniae
437 3194 473 3242 ac
495 3160 660 3260 impietatis
678 3164 912 3261 processissent,
934 3187 970 3239 ut
991 3169 1078 3238 Pauli

194 3324 198 3329 -
1021 3293 1079 3341 no·

179 3512 232 3593 (t)
250 3514 339 3575 Huius
360 3512 488 3586 smmis
502 3506 690 3584 fragmentum
725 3521 761 3566 ex
788 3506 842 3564 Ru
854 3507 863 3561 i
875 3506 884 3561 l
896 3504 963 3579 ing
975 3517 991 3561 c
1003 3517 1048 3560 ro
1060 3542 1071 3574 ,

134 3602 178 3670 ’Τ.
197 3612 246 3671 111.
267 3605 411 3683 descripsit
427 3609 455 3688 J.
473 3604 651 3681 C.Hess,
671 3601 689 3661 Ι.
706 3602 728 3665 1.
752 3601 780 3659 S.
799 3603 846 3662 61.
1060 3643 1062 3649 .

134 3708 137 3713 ’
177 3701 442 3780 (2)Ruchat,
471 3699 675 3773 1.t'r.1.p.
702 3699 823 3774 44sqq.
854 3696 987 3764 Wirz,
1018 3688 1079 3752 ih

136 3797 175 3863 Τ.
194 3802 241 3864 lv.
261 3801 290 3860 S.
312 3804 377 3878 146·
471 3837 475 3845 ·
