2438 4426
551 250 576 337 ('
613 261 672 323 1'2'8
713 261 732 345 )

173 438 287 524 geliu'm
302 444 446 511 eam'rem
461 438 523 507 esic
533 485 546 519 ,
557 426 644 522 ¹uriae
666 444 836 511 credentem
858 444 970 514 salvum
991 450 1113 519 reddam

173 546 337 613 Habemus
352 564 446 629 crgo,
475 546 673 627 quidefficiat.
695 582 724 597 -
745 550 849 617 Lucas
865 572 920 633 24,
942 554 983 620 fic
994 555 1113 639 inquire

173 664 248 717 tuuc
260 654 386 739 aperuit
401 652 465 717 illis
479 664 631 728 mentem,
653 666 690 718 ut
703 665 764 721 etc.
808 656 869 723 Hic
892 670 997 741 aperte
1023 661 1117 727 habe·

172 774 264 837 mus,
286 746 360 839 q'uid
374 752 429 834 lit,
452 742 702 837 quaque'r'ntionc
715 762 875 840 praedicari
894 779 1037 846 oporteat
1050 768 1119 833 Eu·

171 863 336 947 angelium.
387 860 448 927 Est
468 859 548 923 enim
572 862 795 944 Euangelium,
828 870 912 947 quod
937 870 968 933 in
989 870 1117 957 nomine

170 966 312 1044 Christi,
343 962 541 1029 remittuntur
561 956 706 1044 neccaro,
728 987 793 1049 quo
819 970 934 1036 nuncio
959 972 1117 1042 laetiorem

169 1086 326 1152 nunquam
343 1067 490 1133 intellexit
506 1070 567 1133 ulla
582 1070 707 1135 mens.”

209 1171 408 1252 intelligimus
433 1170 528 1251 igitur
551 1190 589 1235 cx
611 1172 698 1239 hisce
728 1175 932 1260 Euangelium
953 1180 1116 1247 hominem

82 1360 87 1375 ι
167 1274 428 1357 incognitionem
452 1273 497 1339 sui
525 1294 583 1340 ceu
606 1294 795 1358 peccatorem
810 1284 981 1362 adducere3
1004 1285 1116 1350 deinde

168 1380 408 1461 manducem,
439 1424 461 1461 „
481 1378 538 1445 nist
557 1398 617 1445 not
644 1383 744 1446 nostri
764 1387 943 1469 poeniteat,
972 1389 1114 1468 taedeat,

167 1488 303 1572 pudeat,
324 1483 484 1554 Christum
503 1483 618 1562 nobis,
640 1485 694 1566 qui
707 1485 764 1550 iarn
784 1485 919 1566 scimus,
941 1491 1015 1570 quid
1035 1495 1113 1571 lex,

168 1592 245 1675 quid
254 1608 414 1675 peccatum
433 1588 488 1669 lit,
508 1606 572 1654 non
596 1589 660 1654 fieri
680 1588 855 1670 salutarem,
876 1610 976 1672 ncque
991 1597 1114 1673 precio·

165 1695 286 1776 sum;”·
307 1694 464 1776 denique,
504 1740 525 1775 ‚,
543 1694 723 1759 anrrrmciarc
757 1694 936 1775 cumprimis
966 1695 1111 1762 vitamet

164 1814 266 1865 mores
291 1799 495 1863 immutandos
512 1796 619 1862 esic=”
640 1796 725 1876 quod
738 1799 787 1861 vel
802 1797 873 1863 inde
896 1813 1000 1879 patet,
1022 1805 1110 1882 quod

165 1904 319 1973 Iohannes
343 1902 478 1986 Baptista
495 1901 718 1985 praedicatione
748 1900 800 1967 lua
826 1916 856 1966 ct
874 1904 1109 1984 baptismo-ran-

168 2028 259 2095 quam
281 2010 421 2094 symbolo
437 2008 595 2084 homines,
617 2021 653 2071 ut
676 2004 730 2070 fibi
746 2008 923 2089 poeniteat,
944 2012 1109 2077 admonue-

168 2118 234 2198 rit,
250 2130 317 2183 tum
335 2136 410 2181 vcro
437 2114 523 2181 etium
549 2109 742 2193 promiserit,
785 2114 943 2181 Christum
970 2117 1107 2183 homines

166 2220 391 2305 baptizaturum
412 2220 477 2286 csse
492 2216 615 2299 opium
635 2215 695 2294 S.,
716 2215 740 2281 i.
758 2237 787 2284 e.
813 2238 883 2285 cum
906 2220 1052 2302 Spiritum
1071 2223 1105 2287 S.
1126 2232 1133 2253 ⁴

166 2331 309 2395 daturum
325 2326 406 2403 csse,
430 2372 451 2405 „
464 2322 524 2404 'qui
540 2324 632 2387 corda
646 2333 751 2384 nostra
773 2322 815 2388 src
831 2323 1031 2388 illuminatae
1048 2341 1108 2390 tra·

167 2432 235 2509 hit,
256 2448 293 2497 ut
307 2451 345 2495 eo
365 2430 515 2506 fidamus,-
533 2444 573 2491 eo
592 2426 744 2505 nitamur,
766 2426 819 2508 qui
837 2428 933 2492 Filius
954 2431 1012 2492 Dei
1034 2444 1106 2508 cst,

167 2534 222 2617 qui
236 2535 326 2603 nobis
338 2532 447 2600 missus
465 2549 533 2611 est,
553 2533 643 2597 cuius
665 2550 724 2595 nos
746 2530 884 2609 fratres,
907 2532 973 2594 cius
994 2532 1107 2596 miseri-

164 2639 288 2715 cordia,
317 2658 382 2703 non
408 2637 523 2703 nostris
547 2624 661 2700 meritis
688 2632 760 2698 facti
787 2632 926 2698 sumus.”
955 2667 984 2681 -
1012 2636 1105 2702 Unde

164 2758 197 2808 et
218 2742 387 2823 discipulos
410 2741 511 2822 primo
533 2742 569 2805 ad
597 2739 827 2822 praedicandum
852 2739 972 2804 mittens
997 2741 1107 2808 Chris·

163 2862 236 2927 tus,
257 2845 335 2910 idem
350 2844 520 2927 praedicare
536 2841 639 2919 iussit,
661 2845 746 2922 quod
765 2842 915 2922 Ioannes,
938 2848 1023 2925 quod
1043 2845 1105 2929 ipse

163 2948 408 3038 praedicavclat,
428 2948 550 3014 Matth.
569 2961 635 3028 4et
659 2966 709 3010 ro
727 2947 836 3011 Marc.
854 2950 887 3010 6.
907 2948 987 3013 Luc.
1003 2951 1062 3031 9.”

208 3058 306 3136 Sunt,
326 3054 380 3137 qui
397 3054 514 3120 clicumt
540 3098 560 3132 „
580 3052 671 3117 srhoc
682 3065 772 3134 pacto
782 3050 942 3119 Christum
959 3058 1104 3121 volumus

163 3162 330 3245 intelligere
348 3156 499 3235 hostiam,
530 3174 610 3235 quac
635 3158 725 3223 semel
754 3159 854 3222 oblata
883 3177 942 3240 pro
967 3160 1104 3225 omnium

163 3266 302 3350 peccatis·
311 3260 477 3340 satisfecit,
498 3278 604 3325 omnes
621 3264 732 3328 erimus
755 3264 792 3328 ad
807 3262 1023 3329 libidinandum
1031 3282 1105 3346 pro-

160 3368 333 3453 penhores,
356 3367 472 3447 quippe
486 3368 570 3444 quod
585 3365 709 3446 impune
730 3356 922 3432 haecomnia
942 3366 1008 3431 lieri
1029 3387 1104 3449 pos·

160 3466 639 3551 iint;·Ch1istusenimpignus
664 3486 733 3547 est,
763 3490 826 3550 quo
854 3488 975 3552 peccata
1002 3472 1103 3536 omnia

159 3572 403 3643 dissolvuntur.”
443 3573 579 3639 Primum
596 3574 720 3654 quidem
735 3572 894 3639 Christum
913 3589 976 3640 nrm
986 3576 1103 3655 salutis

160 3680 292 3747 murrum
326 3679 437 3761 gratia
460 3677 582 3743 missum
603 3676 689 3758 esse,
721 3690 785 3741 tum
806 3675 905 3757 fitium
928 3680 1025 3756 esse,
1045 3701 1103 3764 per

161 3798 252 3869 quem
283 3780 363 3853 salus
392 3782 541 3866 donatur,
569 3774 798 3864 credimus,·s.
814 3782 897 3849 Cod.
910 3786 1103 3849 'auctoritate

1053 3902 1101 3948 rn·
