2438 4426
508 268 693 359 (eiu).

132 457 266 523 excitare
285 453 386 518 conati
405 453 473 519 sunt
493 454 673 548 Heluetios,
696 469 729 519 ut
749 454 906 523 Pontificis
927 457 1068 538 tandem,

132 562 166 625 in
183 580 240 624 eos
254 559 441 641 tyrannidem
466 557 653 634 affectantis,
675 554 777 636 iugum
802 575 997 640 excuterent,
1019 577 1070 641 et,

132 685 173 755 ne
200 683 385 746 proavorum
412 665 581 746 degeneres
611 661 731 752 essent,
768 664 859 727 variis
885 664 1071 745 argument&

132 762 330 836 monuerunt.
372 767 518 850 Legenda
549 763 858 856 pmeteteajiugenue
880 772 1072 836 commcnda-

132 888 207 940 runt
231 861 380 947 lutheri,
408 866 628 946 Carolostadii‚
661 867 851 950 aliorumque
872 872 1001 955 scripta,
1035 889 1072 938 ut

131 977 275 1047 nimirum
288 975 576 1052 animadverterent,
597 989 706 1037 omnes
726 973 977 1056 Reformatores,
998 977 1072 1045 licet

133 1079 350 1160 unusquisque
370 1077 422 1141 sua
442 1075 505 1156 ipse
532 1094 550 1138 e
573 1076 608 1140 S.
624 1076 707 1143 Cod.
730 1075 873 1143 lraufisset
893 1094 928 1144 et
947 1080 1084 1162 propria.

130 1181 330 1268 proeesiisset
352 1183 489 1258 ratium,
518 1181 550 1244 in
569 1179 744 1260 praecipuis
771 1197 872 1248 tamen
895 1183 971 1249 mire
993 1203 1084 1257 cum,

132 1290 254 1363 sentire.
297 1289 402 1373 Quum
418 1305 494 1350 vero
512 1284 562 1348 hic
575 1283 641 1348 illic
665 1285 724 1347 iam
744 1287 832 1350 multi
853 1308 871 1351 e
895 1290 990 1371 plebe
1007 1308 1073 1355 rent

130 1393 244 1477 agitare
259 1390 460 1474 incepissent,
479 1408 518 1455 ne
533 1388 608 1470 quid
622 1389 807 1453 ntmuituarii
819 1392 988 1470 accideret,
1006 1409 1073 1459 tum

133 1500 225 1565 etiam
239 1495 335 1578 iiqui·
349 1493 469 1571 essent,
489 1495 544 1576 qui
556 1493 697 1573 antiquae
710 1510 809 1558 terum
817 1496 1002 1562 conditionis
1015 1498 1072 1561 de·

134 1600 271 1668 seniores
285 1617 376 1682 agere
395 1601 525 1678 vellent,
547 1611 582 1665 ut
597 1595 771 1661 seutentiam
787 1599 881 1664 libere
897 1601 1089 1681 proferendi·

135 1706 282 1770 haberent
296 1703 579 1785 opportunitatem,
599 1703 825 1784 Zuinglius
844 1704 1088 1786 ariiqueaMa.

136 1809 274 1890 gistratu¹
291 1808 429 1889 publicas
459 1808 679 1887 disputationes
711 1806 1073 1901 instituendifaenlttrcm

136 1913 348 1993 impetrarunt.
386 1912 513 1998 Quibus
528 1911 658 1976 feliciter
672 1914 824 1990 peractis,
845 1913 922 1979 nihil
943 1915 1072 1997 amplius

137 2015 447 2095 obiiarevidebatur,
468 2015 634 2095 quominus
649 2030 750 2078 rerum
769 2015 911 2082 existeret
934 2036 1091 2083 commu·-

137 2120 233 2188 tatioz
253 2136 284 2183 at
296 2121 346 2184 vel
367 2119 408 2183 stc
420 2135 518 2184 tamen
534 2135 600 2181 tutu
623 2120 704 2183 iente
726 2117 813 2183 etiam
837 2122 1074 2205 processerint,

136 2225 217 2293 nihii
230 2225 396 2306 quidquam
412 2240 536 2306 agentes
551 2221 613 2287 iine
627 2222 761 2303 auspicio
776 2224 990 2306 Magistratus.

181 2331 367 2396 Societatem
379 2349 454 2395 vero
468 2347 570 2410 nuper
583 2327 736 2392 conditam
748 2345 813 2393 nun
825 2329 879 2395 fibi
888 2331 1078 2411 reliquerunt

140 2432 393 2512 Reformatores,
414 2432 468 2497 sed
481 2432 600 2514 reginus
624 2432 712 2496 etiam
727 2446 759 2495 et
772 2432 916 2499 institutis
931 2437 1010 2501 bene
1022 2436 1080 2502 sse-

140 2538 306 2616 bssierunt‚
341 2537 521 2616 dequibus
549 2554 621 2600 mox
645 2537 733 2617 plura
760 2539 964 2605 monebimus.
1014 2541 1081 2607 Ne·

140 2641 296 2708 cessariam
313 2642 467 2706 doctrinae
484 2642 622 2723 copim,
641 2640 789 2723 imprimis
812 2642 951 2725 integros
977 2663 1081 2711 mores

142 2749 174 2821 in
194 2749 237 2811 iis
264 2744 487 2827 quaesiverunt.
550 2749 671 2814 Coetus
693 2747 914 2814 oonffituerrmt
931 2763 964 2815 et
977 2768 1104 2819 curam.

143 2872 249 2917 eorum
265 2850 449 2932 gesserunt,
470 2851 597 2932 aliisque
609 2850 833 2916 cotrcesserunt.
863 2852 957 2917 Varia
977 2872 1081 2921 rerum

143 2955 279 3018 instituta
304 2973 344 3018 eo
369 2955 549 3034 valuerunt,
581 2968 617 3019 ut
644 2956 723 3018 ordo
762 2969 794 3018 et
816 2956 1018 3035 tranquilitas
1047 2957 1082 3023 iu

145 3053 280 3128 Eccum
290 3057 557 3137 conservarentur,
578 3072 613 3121 ut
632 3071 829 3137 aegrotorum
851 3076 1092 3138 pauperumque

144 3159 414 3242 cura-haberetur3
436 3164 552 3227 verbo:
571 3175 604 3227 ut
617 3159 788 3243 primitivae
800 3159 953 3228 Ecclefiae
970 3161 1102 3229 Chris-2

145 3265 550 3343 tianaeuroremreierrent.
1096 3318 1102 3341 ἑ

185 3371 273 3456 Quae
300 3370 444 3447 omniun
468 3368 709 3450 perpendamus,
736 3384 801 3433 non
824 3368 990 3451 possumus
1015 3386 1081 3437 non

143 3472 291 3539 summam
305 3471 554 3538 Reformatorem
575 3470 763 3557 prudentiam
781 3485 813 3538 et
834 3469 1007 3556 sapientiam
1028 3491 1084 3559 agr

144 3596 275 3655 nouere
292 3591 386 3659 atque
406 3576 556 3644 muniri.
