2438 4426
510 248 695 340 (Ἀό)

133 450 212 503 num
225 444 335 504 nutum
348 434 401 507 sun
418 438 475 519 fit,
495 458 530 503 uc
551 439 703 522 libn'ule,
727 441 929 527 misenum)
953 445 1089 513 libemii·

135 555 268 623 ηιμ,
294 562 357 624 quo
379 544 438 625 iis,
459 542 573 626 quibus
596 546 745 625 domuit,
758 548 918 627 orode-sie
937 554 1023 626 vult,-
1051 564 1086 615 ct

137 645 200 712 hoc
218 664 314 713 unum
326 668 362 716 uc
376 647 475 715 solum
497 648 630 731 spectat,
650 664 689 715 ut
711 669 817 715 eorum
839 652 905 731 fit,
919 673 997 735 quoe
1016 674 1035 717 ι
1053 653 1092 720 se⁴

135 748 217 817 fucta
230 749 336 817 sunt.”
356 786 387 803 -
410 798 431 832 „
452 752 600 817 Testatur
621 754 698 819 hunc
721 753 895 821 sententium
919 771 984 822 totu
1001 776 1085 827 erm·

134 866 272 920 turanum
288 855 425 921 omnium
441 854 598 934 coroua’',
618 869 648 920 et
666 857 700 923 S.
715 858 809 922 etium
826 860 910 925 Coo.
927 858 1007 926 Gen.
1028 872 1083 943 u's.

136 958 238 1042 isaias
251 976 306 1042 45.
324 976 378 1042 55.
399 980 454 1043 43,
473 959 529 1040 Ps.
548 978 599 1043 32.
620 958 697 1042 Joel
709 982 739 1027 2.
787 1008 808 1043 „
827 963 873 1028 N.
892 965 1083 1033 Testamenti

136 1085 218 1147 quae
238 1064 293 1129 alia
318 1065 490 1132 testimonia
513 1063 727 1149 proferemus,
756 1085 848 1145 quam
876 1087 944 1132 eum
963 1069 1085 1151 ipsum
1082 1104 1085 1111 ·

138 1186 194 1250 qm
185 1168 434 1234 Testamentum
441 1184 510 1251 est,
531 1167 630 1247 Iesum
648 1167 805 1237 Christum
822 1170 923 1235 Dei'
894 1171 1086 1256 virginisque

137 1267 277 1337 Filiumi
304 1267 398 1336 Rom.
424 1291 455 1353 3.
494 1272 605 1337 uloh.
631 1292 662 1338 2.
688 1272 790 1338 chr.
817 1293 869 1341 ιο.
897 1275 1083 1363 Epiust-c.

135 1372 228 1439 Rom.
252 1374 284 1440 8.
362 1408 366 1415 ·

180 1479 396 1563 Caeterum,
415 1478 507 1546 sancti
529 1479 591 1548 Dei
612 1480 751 1546 hominm
775 1480 934 1560 abusque
961 1487 1085 1551 mundo

133 1583 263 1652 condito
284 1584 383 1650 Deum
401 1586 493 1651 uariis
514 1586 692 1652 nominibus
717 1584 961 1664 adpcliuvenmt,
982 1599 1019 1649 ut
1035 1588 1087 1652 vi-

139 1689 211 1754 dere
232 1688 302 1752 licet
319 1687 428 1767 pusfim
451 1708 509 1770 per
534 1705 699 1769 utrumque
725 1688 980 1765 instrumentum,
998 1706 1085 1756 nunc

133 1790 324 1868 Dominum,
352 1807 435 1858 nunc
457 1793 585 1873 Deum,
614 1797 734 1870 uitam,
760 1792 996 1878 conficientium,
1025 1809 1085 1880 pa·

139 1908 244 1974 trun,
257 1894 399 1979 sortem,
418 1897 541 1979 ,lucum
577 1899 824 1984 omnipotentem,
859 1896 1085 1985 ommfufficien·

131 2015 200 2068 san
219 2018 382 2086 vocantes,
403 2024 480 2088 quae
499 2020 597 2072 tamen
621 2003 724 2069 omniu
741 2004 865 2070 numina
876 2003 922 2070 iili
937 2022 973 2070 cx
991 2003 1085 2069 inter·

133 2122 178 2175 -nu
194 2107 254 2174 fide
268 2105 512 2193 imposuemuc”

330 2346 333 2353 ·
400 2370 403 2375 .
474 2335 510 2398 4.
530 2313 583 2381 Dc
604 2316 734 2383 homine.

179 2527 341 2610 Aitcmm,
361 2524 448 2609 quud
459 2522 623 2606 sequitur,
651 2520 825 2607 Religionis
839 2519 1013 2601 obiectum,
1033 2521 1083 2586 ln·

134 2654 185 2698 mo
203 2646 262 2695 est.
884 2658 888 2663 ·

177 2732 446 2815 Hominemplane
464 2749 667 2815 cognoscere,
683 2747 734 2795 res
748 2743 795 2793 est
808 2747 953 2811 perquam
968 2725 1084 2794 difficie

132 2836 214 2905 limo.
235 2836 337 2902 car.
356 2856 387 2902 α.
407 2838 547 2902 Hierum.
571 2853 620 2914 17.
664 2835 697 2899 A
725 2833 794 2897 Deo
816 2831 928 2913 igitur,
949 2831 1082 2903 homim's

131 2940 318 3021 conditore,
339 2939 474 3009 hominis
489 2939 631 3023 cognitio.
643 2953 691 3004 est
704 2936 846 3027 petenda.
883 2967 886 2971 ·

131 3047 279 3113 Adam
295 3049 405 3115 etEm
414 3049 491 3113 laeta
506 3045 636 3128 primum
653 3039 806 3113 versantes
823 3039 997 3107 conditione
1012 3056 1083 3120 pec·

135 3164 267 3232 cerunt,
292 3166 323 3218 et
343 3166 506 3237 propterea
521 3166 638 3232 poenus
663 3151 783 3265 luuu't,
802 3146 834 3214 id
862 3159 932 3227 est,
953 3158 1081 3209 mortem

130 3256 215 3340 passi
232 3253 368 3323 sunt..-

132 3361 229 3427 De
248 3359 341 3425 hocce
359 3310 457 3433 auium
473 3369 574 3422 morte
589 3302 811 3423 observandum
836 3366 904 3434 est,
925 3351 1080 3419 hominem

138 3464 264 3546 „fatali
290 3477 388 3529 morte
418 3479 483 3526 non
512 3463 665 3542 extemplo
686 3456 877 3537 concidisse,
912 3456 966 3521 ubi
996 3455 1082 3522 hunc

131 3566 238 3630 cibum
254 3567 444 3632 comederat·
466 3563 571 3631 multis
587 3564 669 3629 enim
691 3577 799 3644 postea
817 3559 942 3645 succulis
958 3557 1081 3643 vixit;”

130 3666 263 3749 deinde,
287 3665 449 3748 ,fatalem
461 3667 542 3733 'diem
555 3666 613 3734 suo
628 3682 768 3749 tempore
789 3682 853 3731 non
868 3663 935 3730 alia
941 3682 984 3731 eu
997 3638 1082 3731 must

130 3714 357 3941 isperveilisie,
372 3790 471 3876 quum
481 3773 567 3857 quod
581 3774 681 3855 legem
693 3769 768 3842 olim
793 3764 1007 3857 nuusgcessus
1014 3764 1082 3837 fue,-

123 3912 138 3935 .
1019 3879 1077 3932 rat.
