2550 4426
550 262 738 348 (1981

164 450 256 518 ario
260 451 379 515 vacare
440 447 501 530 tptr
531 449 613 514 eninr
630 452 708 517 bene
738 461 885 532 teneant,
914 449 1059 518 homines
1081 447 1124 517 se

164 553 249 633 esse,
268 553 385 618 errandi
407 552 548 633 periculo
568 555 779 635 ωροῆτοε.Ι

173 661 250 728 E·t
273 660 351 727 haee
366 658 489 739 qutidem
509 662 548 727 de
569 659 632 742 ipsa
651 659 743 727 hacce
772 659 925 726 sodalitate
947 672 1031 725 crant
1048 663 1125 728 ob-

105 779 116 785 ·
163 763 321 831 servanda
365 764 478 846 Neque
499 779 598 831 tamen
614 764 660 830 ita
683 765 780 830 antrie
795 767 837 830 de
861 784 896 829 ea
919 762 1122 833 statuendum

166 882 236 948 eat,
261 881 300 934 ut
329 866 395 949 illi,
417 870 485 951 qui
517 869 546 936 se
572 870 646 935 huie
674 872 756 936 ciues
784 867 1021 950 adscripserunt,
1055 869 1123 936 solii

167 973 288 1041 Christi
304 973 445 1056 discipuli
470 975 528 1041 fint
541 975 695 1054 habendi,
716 972 830 1055 solique
855 989 990 1039 aeternae
1014 973 1123 1040 felici·

164 1080 238 1145 tatis
253 1081 416 1162 participes
435 1078 543 1147 futuri.
587 1080 772 1166 Quicunque
793 1079 873 1143 enirn
885 1080 1016 1144 Chtiato
1026 1082 1143 1160 Com„

166 1181 311 1248 seruatori
327 1184 415 1248 iidem
433 1184 545 1266 habet,
566 1186 603 1251 ad
627 1186 753 1265 eiusque
775 1196 937 1266 praecepta
958 1183 1052 1247 vitant
1069 1184 1125 1247 in-

167 1287 292 1362 stituere
317 1303 467 1368 conatur,
493 1289 543 1356 eui
567 1291 691 1354 tandem
711 1287 903 1353 Christianae
930 1258 1128 1353 confesioni

168 1389 208 1460 fit
225 1391 385 1470 addictus,
405 1392 432 1456 is
453 1393 490 1457 ad
507 1412 608 1458 veram
625 1391 789 1460 Ecclesiam
805 1393 949 1473 pertinet.
1165 1456 1167 1461 .

182 1531 185 1536 ·
210 1495 532 1582 Quouacllitlrnieos
551 1499 680 1574 attinet,
702 1495 734 1558 iri
758 1497 874 1576 etiam,¹
899 1512 1053 1578 quatenus
1071 1497 1120 1563 se-

169 1604 306 1668 cundum
321 1621 376 1682 ea,
400 1624 477 1684 quae
492 1607 530 1669 de
542 1605 635 1667 rebus
655 1601 766 1664 divinis
781 1615 813 1664 et
835 1601 974 1665 humanis
990 1595 1129 1683 cognita-

169 1705 365 1784 habuerunt,
394 1706 474 1769 bene
497 1710 545 1772 vel
568 1708 644 1770 male
665 1704 816 1780 vixerint,
847 1720 973 1786 propter
997 1703 1122 1773 Christi

170 1807 278 1874 merita
293 1807 435 1873 felicitate
451 1824 569 1877 aeterna
585 1811 739 1877 intentur.
783 1810 833 1874 Ne
851 1809 929 1873 enim
948 1810 1040 1874 nimis
1068 1824 1131 1874 ana

169 1911 222 1979 aie
238 1913 277 1977 de
294 1913 353 1978 Dei
370 1913 554 1996 benignitate
567 1931 599 1981 et
615 1913 875 1984 curistomentis
890 1912 1025 1981 feramus
1041 1915 1135 1987 iudi,

173 2019 268 2085 ciunn
314 2019 471 2104 Quisquis
481 2035 584 2089 autem
601 2024 638 2087 ad
654 2020 720 2083 veri
735 2020 942 2100 cognitionem
956 2019 1129 2100 pervenit,-

171 2123 260 2189 isab
283 2125 348 2204 ipso
370 2125 438 2190 Deo
462 2125 576 2203 inllitui
598 2127 743 2192 dicendus
765 2139 824 2189 est.
878 2170 899 2206 ‚‚
919 2124 951 2189 si
976 2142 1052 2206 ergo
1072 2127 1131 2196 vei,

172 2230 256 2309 apud
271 2230 450 2308 Platonem,
472 2233 523 2295 vel
539 2232 741 2312 Pythagoram
757 2227 917 2307 invenias,
939 2231 1056 2308 quoda
1076 2229 1129 2295 di-

93 2420 95 2425 ·
174 2332 265 2399 vinae
280 2336 393 2400 mentis
405 2335 491 2400 fonte
504 2355 679 2417 premanere
699 2334 832 2411 odores,
853 2345 917 2396 non
939 2331 1009 2397 ideo
1023 2334 1130 2414 aegii·-

174 2441 309 2521 gendum
325 2454 395 2520 est,
417 2442 502 2521 quod
522 2440 660 2505 mortalis
677 2437 752 2502 illud
770 2435 966 2527 monimentis
981 2454 1130 2518 corttpre-¹
1164 2481 1166 2485 -

174 2541 337 2622 henderit,
358 2543 465 2610 sedeo
487 2546 582 2627 magis
600 2546 638 2611 ad
661 2543 809 2612 Numinis
834 2541 1050 2609 commercium
1067 2560 1130 2624 pe··

156 2635 354 2712 ‘netrandum
364 2671 382 2726 ,·
397 2662 432 2711 ut
446 2650 583 2714 veritaris
597 2650 693 2710 lucem
711 2645 821 2709 clarius
836 2660 867 2708 et
880 2642 991 2710 clarius
1009 2645 1132 2711 intueri

176 2750 285 2827 liceat,
306 2768 376 2813 eum
400 2765 479 2828 eos,
508 2751 561 2831 qui
576 2748 668 2813 unius
684 2749 748 2812 Dei·
764 2747 958 2830 Religionem
982 2747 1137 2815 confiteri

176 2872 241 2921 non
271 2851 399 2917 inerunt
428 2852 511 2933 aust,
548 2854 631 2920 intus
657 2864 766 2915 tamen
784 2851 923 2917 habuisse
954 2851 1135 2919 videamusu

177 2959 265 3043 Quae
282 2957 462 3039 ubieunque·
478 2973 545 3039 est,
565 2978 583 3024 a
601 2956 737 3023 Numine
753 2949 822 3049 eqt,
852 2953 967 3022 annun
991 2954 1063 3038 quis
1077 2957 1137 3024 in·

177 3078 226 3131 ter
246 3066 351 3132 beluas
373 3063 540 3131 habitatet”
562 3063 633 3147 (1).

214 3271 356 3352 <osuit
378 3275 468 3339 verba
496 3273 721 3348 zuingltl,
741 3272 770 3331 in
794 3270 875 3334 lituo
890 3267 929 3328 de
947 3267 1141 3332 leonidem

181 3371 238 3447 Oe·
257 3371 293 3432 t.
309 3371 333 3430 1·
355 3385 421 3448 ast·
437 3371 466 3433 b·
882 3416 883 3419 κ
