2438 4426
504 267 688 349 (15³)

130 466 264 535 cogrrrtr
284 449 361 527 lint,
388 451 441 517 sed
458 450 565 532 quod,
585 449 640 531 qui
659 450 767 530 „priora
779 463 864 515 recte
878 450 1081 533 cognoverit,

131 555 309 641 posteriora
324 555 468 637 quidnam
483 554 561 633 snt,
583 555 724 635 ignorare
747 571 812 621 non
825 554 958 635 pomt”

135 720 138 725 .
179 708 202 741 ‚,
220 661 328 729 Proori
339 678 450 724 omnes
467 679 517 724 res
532 677 588 740 per
599 660 698 725 Deum
720 658 878 725 constante
898 659 939 725 ita
959 657 1082 727 servan·

133 779 187 831 rur
198 785 234 829 ac
250 760 624 845 mspronunmrperipsum
639 760 761 839 omnia:
783 764 869 844 quod
882 775 983 829 autem
993 780 1081 829 men·-

135 885 182 941 res
194 884 318 939 nostrae
331 867 394 933 hoc
407 883 472 930 non
488 869 690 946 perveniunt,
708 865 797 933 crosa
818 884 866 931 est
879 867 1008 950 ipsarum
1027 888 1081 943 rna,

124 973 240 1058 'glutiet
250 987 281 1036 et
297 967 549 1054 circumscriptio.
570 1008 610 1027 -
628 973 692 1049 Est
711 973 808 1037 veluti
836 974 922 1039 Deus
938 974 970 1039 in
993 989 1083 1049 rnen:

135 1079 204 1158 do,
242 1076 330 1157 qnod
354 1075 432 1141 ratio
455 1076 488 1141 in
515 1075 653 1140 homine.
674 1106 713 1125 -
732 1076 801 1141 Nec
827 1077 872 1140 illi
895 1094 985 1159 turpe
1011 1092 1082 1159 est,

135 1182 223 1263 qood
239 1180 351 1256 nobis,
371 1200 451 1261 quae
469 1180 550 1245 enim
564 1177 656 1244 nobis
672 1180 772 1259 turpia
785 1179 874 1275 sont,
895 1201 932 1247 ex
947 1201 987 1247 eo
1008 1201 1083 1262 pro·

133 1289 243 1365 venit,-
262 1285 350 1368 qnod
367 1287 418 1348 lert
436 1285 530 1349 nobis
548 1281 687 1368 impolita
701 1299 761 1350 est.
804 1285 873 1350 Lex
902 1300 1004 1351 aurem
1024 1287 1082 1355 hnc

133 1391 222 1457 rausa
239 1404 288 1455 est
299 1389 418 1472 polin,
439 1389 527 1471 quod
539 1387 679 1455 adfectm
691 1388 790 1453 nostri
811 1391 937 1455 modum
955 1391 1085 1455 excede·

134 1499 220 1565 brnt.
264 1494 310 1560 Hi
329 1509 431 1559 autem
448 1496 480 1559 in
493 1497 564 1561 Deo
579 1511 675 1575 quum
689 1510 753 1557 non
774 1492 853 1572 lint,
872 1494 933 1574 legi
948 1511 1014 1558 non
1035 1507 1084 1559 est

73 1679 76 1684 ¹
135 1602 314 1680 obnoxius,
333 1599 384 1665 sed
400 1598 462 1665 hoc
477 1597 574 1682 ipsum
592 1613 663 1678 est,
694 1598 782 1680 quod
802 1617 822 1663 a
845 1597 938 1663 nobis
960 1616 1019 1680 per
1038 1599 1084 1662 le·

136 1725 208 1789 gem
226 1705 358 1788 erigir.’‘

134 1872 141 1883 ,
180 1855 204 1889 „
221 1808 370 1874 Nascitur
395 1827 495 1874 autem
524 1809 777 1891 praedestinatio,
804 1829 884 1891 quae
903 1807 982 1874 nihil
1000 1805 1085 1874 aliud

137 1925 211 1990 est,
232 1931 323 1993 quam
348 1911 371 1976 ii
394 1928 429 1976 tu
445 1914 526 1978 dicas
546 1914 791 1994 praeordinatio,
812 1933 851 1979 ex
869 1910 1084 1994 providentia,

136 2015 201 2080 imo
208 2031 257 2081 est
270 2014 333 2098 ipsa
340 2018 553 2098 providentio,
562 2037 633 2081 nam
648 2015 846 2097 etTlreologi
860 2004 1085 2096 providentiam

136 2120 316 2202 nsipientia
331 2122 372 2188 lic
388 2124 618 2202 discriminant,
639 2120 724 2201 quod
737 2118 788 2185 rlla
811 2119 1024 2200 progrediatur
1043 2121 1084 2187 ad

135 2228 286 2308 rgmdum
300 2242 332 2291 et
345 2228 592 2310 disponendum,
612 2227 688 2290 haec
715 2238 817 2290 autem
839 2224 959 2305 videet,
981 2225 1082 2311 quid,-

136 2333 299 2422 quomodo
314 2334 465 2414 agendum
480 2331 529 2399 [ιι.
570 2334 603 2397 A
619 2331 736 2397 sommo
751 2329 832 2394 enim
849 2330 935 2394 bono
947 2328 1083 2397 alienum

136 2435 238 2513 esset,
257 2435 360 2499 omnia
373 2433 464 2501 nosse
481 2436 663 2518 prinsquam
676 2435 809 2515 fierent,
828 2453 888 2500 nec
903 2434 1005 2500 omnin
1019 2435 1084 2521 disq

134 2555 254 2622 ponere
266 2553 300 2603 et
314 2539 451 2606 ordinere
465 2539 571 2623 posse:
596 2539 702 2607 rursus
709 2539 1083 2626 omniaordimreffire,

135 2662 167 2711 et
179 2646 295 2726 posse,
315 2663 375 2711 nec
392 2660 490 2710 tamen
503 2644 626 2724 facere,
641 2646 807 2737 illiberale,
826 2645 1083 2715 imoinridiosum

134 2749 232 2825 esset:
255 2736 344 2831 quod
366 2750 406 2814 de
433 2750 557 2816 numine
580 2751 722 2835 supremo
745 2751 892 2835 suspicari
915 2750 1005 2817 nefas
1018 2767 1081 2817 est.

133 2854 331 2922 Providentia
354 2872 431 2936 ergo
450 2853 511 2918 Dei
531 2849 619 2922 simul
644 2861 796 2924 tolluntur
817 2873 847 2922 et
862 2858 991 2923 liberrmr
1002 2857 1085 2923 arbi·

59 3043 62 3047 ,
134 2959 228 3023 trium
251 2971 286 3020 et
309 2957 468 3024 meritum:
490 2977 559 3025 nrm
582 2962 635 3025 illr
656 2963 761 3028 omnir
779 2962 982 3040 disponente,
1003 2981 1086 3046 quae

133 3059 205 3125 funt
220 3074 328 3142 portes
345 3078 495 3143 nostrae,
516 3077 551 3129 ut
566 3062 732 3145 quicquam
754 3082 796 3127 ex
815 3064 907 3143 nobis
923 3064 995 3149 ipsrs
1016 3065 1084 3130 fieri

134 3161 287 3246 posiimus
300 3166 464 3232 arbitrari?
485 3167 568 3233 Cmn
580 3183 679 3235 aorem
696 3169 799 3233 omnia
819 3165 914 3248 iplius
931 3186 1027 3249 opera
1045 3169 1085 3237 fi·

133 3283 208 3349 ant,
229 3273 389 3353 quomodo
403 3289 463 3336 nos
477 3270 643 3352 quicquam
660 3272 843 3338 merebimur
849 3271 892 3337 ‘i'’

175 3376 316 3445 Nitimur
341 3392 442 3443 antem
470 3376 661 3455 marines.
691 3379 777 3445 Cod.
811 3379 991 3445 auctoritate
1008 3380 1088 3465 (1),

135 3529 158 3563 „
185 3482 315 3567 Nostris
348 3482 465 3548 meritis
489 3501 554 3548 non
576 3482 700 3563 verritur
725 3482 764 3545 ad
797 3482 919 3562 Deum,
947 3482 1002 3549 sed
1030 3483 1090 3561 soli

135 3585 267 3654 Christi.
287 3585 398 3651 loma.
421 3606 474 3668 14.
522 3585 651 3665 Nostris
666 3585 789 3655 viribus
809 3586 1088 3673 nihdposfunun

113 3825 118 3831 ’
162 3766 771 3901 (rimamarum-plera
807 3872 823 3881 ..
