2438 4426
546 302 709 386 (aa)

541 493 677 598 affl·
771 497 774 502 ’

290 707 544 790 Reformatorem
562 701 723 783 πρόδρομοι
744 707 780 770 in
798 706 953 776 Helvetia.
1038 705 1042 710 ’
1139 780 1142 787 ,

198 919 395 998 Depravatam
413 914 589 998 Religionis
603 928 633 979 et
649 915 800 983 Ecclesiae
817 914 1013 981 Christianae
1024 931 1099 980 con·

157 1022 324 1108 ditionem,
352 1039 431 1101 quae
457 1021 487 1082 in
517 1019 661 1084 Helvetia
697 1021 855 1096 obtinuit,
890 1017 1119 1110 exposuimus:

155 1127 201 1191 At
216 1145 290 1188 vero
304 1125 431 1187 ineunte
447 1123 523 1188 saec.
535 1124 620 1187 XVL
631 1125 733 1188 omnia
749 1126 790 1189 ita
806 1138 890 1188 erant
906 1125 1100 1206 comparata,

154 1245 191 1296 ut
200 1227 398 1295 Reformatio
413 1230 522 1309 procul
532 1228 636 1293 abesse
644 1245 707 1293 non
721 1230 836 1311 posset.
879 1231 1022 1312 Namque
1036 1219 1101 1296 nou

32 1402 44 1425 ι
155 1335 198 1398 ita
213 1347 260 1397 est
277 1330 526 1411 existimandum,
545 1355 579 1398 ac
597 1333 620 1397 sr
635 1333 745 1397 haecce
765 1353 829 1399 uno
845 1335 989 1398 existeret
1004 1335 1101 1400 veluti

157 1439 222 1503 ictu
238 1437 398 1516 temporis.
442 1439 579 1524 Quaevis
597 1439 676 1501 enim
692 1438 946 1504 consuetudinum
964 1459 1100 1505 tuorum-

159 1563 220 1624 que
228 1542 385 1608 conversio
394 1560 457 1607 uon
467 1543 567 1608 subito
577 1543 675 1608 oritur
692 1557 721 1604 et
738 1540 846 1623 sponte
856 1540 929 1621 sua3
943 1542 1012 1619 sed,
1028 1563 1103 1622 pro-

158 1645 317 1730 grediente
340 1645 446 1712 sensim
461 1647 576 1728 ingenii
594 1651 702 1724 cultu,
723 1650 795 1712 dum
812 1662 913 1711 tamen
926 1647 980 1712 diu
996 1648 1103 1735 manet*
1162 1711 1167 1716 .
1196 1643 1204 1650 ’

156 1771 260 1818 rerum
275 1758 469 1815 externarum
478 1752 579 1833 ratio,
595 1774 650 1834 per
665 1756 791 1835 longum
802 1753 950 1833 temporis
960 1753 1102 1817 interval-

105 1919 110 1928 ,
158 1858 222 1921 lum
234 1855 409 1937 praeparari
424 1856 521 1937 solet;
541 1862 661 1923 tandem
679 1879 773 1937 vero,
788 1858 1018 1939 opportunitate
1028 1875 1102 1940 qua-

160 1959 230 2023 dam
249 1959 400 2037 excitata,
420 1961 525 2047 prodit
546 1965 628 2028 omui
650 1965 704 2029 luo
725 1965 830 2045 vigore
851 1966 868 2044 (
892 1967 920 2045 ).

203 2064 341 2128 Aderant
371 2065 465 2147 igitur
486 2063 675 2146 perfectioris
699 2068 825 2130 rationis
853 2065 963 2128 semina
986 2065 1017 2128 iu
1041 2066 1104 2147 ipsa

88 2150 96 2171 ’
160 2166 374 2259 Helvetiorum
394 2168 495 2251 gentis
520 2166 622 2234 indole
645 2172 789 2248 heroica;
818 2171 867 2235 sed
883 2169 987 2233 multis
1001 2169 1104 2234 etiam·

161 2288 246 2336 nunc
262 2269 404 2352 oppressa
419 2273 573 2338 iacuerunt
587 2274 822 2358 impedimentis.
866 2274 917 2338 Ne
931 2287 1029 2335 autern
1048 2271 1109 2337 illa

160 2374 311 2456 temporis
330 2375 526 2443 diuturnitate
547 2383 684 2460 perirent
701 2380 849 2462 prorsus,
871 2375 1107 2458 opportunitati·
1143 2427 1150 2438 .

160 2479 220 2544 bus
248 2500 329 2562 opus
354 2496 438 2562 erat,
468 2503 545 2562 quae
572 2487 622 2551 illa
647 2484 747 2549 veluti
772 2483 913 2548 foverent
934 2498 1026 2560 atque
1048 2480 1108 2545 ale·
1161 2513 1172 2524 ·

152 2596 239 2648 rent.
283 2584 321 2648 In
339 2570 424 2650 hisce
441 2589 573 2668 primurn
586 2592 734 2670 agendum
753 2603 799 2651 est
815 2588 852 2649 de
868 2585 965 2667 viris,
986 2585 1040 2667 qui
1053 2604 1108 2650 va-

159 2680 207 2750 rio
223 2704 303 2752 aevo
316 2688 347 2751 in
363 2691 577 2760 Helvetiorum
596 2708 686 2777 geute
704 2691 992 2771 suscitarunratque
1009 2684 1107 2771 e'xpli-

158 2808 290 2856 eruerunt
312 2792 505 2872 perfectioris
536 2797 663 2862 rationis
690 2796 831 2866 studium.
882 2794 1038 2881 Quocirca
1067 2794 1106 2860 ad

160 2896 305 2962 Caroli
326 2897 465 2978 Magni
487 2913 625 2984 tempora
645 2902 824 2966 adscendere
844 2901 941 2963 lubet.

202 3001 247 3068 Et
273 3001 419 3066 Caroli
440 3004 563 3092 quidem
584 3004 719 3086 Magni
745 3019 904 3084 propterea
919 3001 1108 3066 mentionem

61 3096 68 3103 ’
161 3102 311 3185 facimus,
338 3126 410 3171 cum
433 3111 475 3174 ob
499 3109 561 3190 ipsa
586 3111 653 3174 eius
677 3107 804 3184 merita,
831 3122 897 3172 tum
922 3115 1108 3185 propterea,

159 3208 249 3290 quod
270 3212 438 3277 nonnullos
456 3216 589 3279 vidimus
605 3212 789 3287 statuentes,
811 3230 879 3273 eum
898 3208 1022 3288 optimis
1039 3198 1108 3272 'luris

158 3311 307 3376 institutis
323 3315 400 3381 nihil
421 3316 488 3381 fere
504 3313 689 3398 profecisse,
712 3312 828 3394 quippe
850 3331 929 3390 quae
956 3304 1016 3375 una
1036 3332 1108 3403 etun

164 3407 204 3479 eo
221 3414 288 3496 ipso
303 3416 367 3484 fere
387 3423 489 3487 omnia
512 3416 703 3488 evanuissent
724 3417 795 3500 (2).
838 3413 915 3478 Non
936 3426 1001 3491 est,
1024 3415 1110 3494 quod

375 3602 391 3610 ,Α
448 3546 465 3585 ο
508 3605 511 3608 .
629 3599 634 3606 ι
678 3597 700 3606 ..
891 3607 894 3613 Ι
1035 3509 1108 3602 hic,

199 3624 784 3703 (nef-villers,11.p.12.sqq·
1171 3693 1179 3703 ,

159 3731 162 3735 ⁴
201 3720 256 3797 (2)
276 3726 318 3782 Ita
331 3740 446 3799 quoque
468 3724 646 3798 nuperrime,
668 3726 736 3782 alios
759 3724 890 3792 secutus,
914 3721 1110 3780 seutitamicus

164 3818 343 3905 Gulielm·
366 3819 605 3890 Muurling,
630 3820 834 3879 incomment·
851 3818 1108 3896 deraufisbcllorum

158 3912 315 3988 suornm,
325 3929 354 3988 p
366 3927 394 3989 5·
405 3929 450 3993 45·
464 3912 546 3975 obvia
561 3913 753 3974 iuArmalibus
768 3910 1052 3996 Acadsslrenolrai.
1067 3912 1113 3969 ιο.

170 4007 338 4085 18264827.
542 4035 549 4046 =
