2438 4426
497 289 681 374 (149)

114 471 303 539 ministris.”
321 517 357 536 -
381 520 402 553 „
416 472 555 540 Sedcum
564 474 722 542 videamus
735 472 890 540 infirmum
906 473 993 555 esse,
1006 492 1067 559 no·

116 577 222 641 tumus
245 597 316 643 rum
337 579 436 645 totius
463 578 617 646 Eccleliae
649 576 818 645 offenfione
839 591 872 643 et
898 577 1065 660 ignom

115 679 309 755 scortatorem
321 680 425 764 ferre,
445 704 536 767 quem
551 668 720 765 legitimum
733 681 896 761 maritum,
911 713 950 734 ·-
965 698 1063 765 quum

110 799 219 854 tamen
243 801 314 852 ente
337 789 441 880 omnia
461 791 660 872 coniugatum
680 799 804 870 quaerat
827 785 942 855 nauus
966 786 1062 855 inde

112 889 292 959 lectusuo”
315 893 424 961 iiim.
446 914 476 977 3.
499 893 562 958 Tit.
582 912 613 960 1.
1050 926 1055 935 ·

335 1101 368 1166 6.
387 1100 440 1168 De
458 1100 586 1187 reliquis
604 1101 835 1167 Sacramentm
917 1164 920 1168 ,
1048 1154 1053 1163 .

155 1350 177 1386 „
196 1305 395 1389 Confirmatio
409 1323 482 1374 tunc
498 1307 624 1391 sumpfit
645 1309 825 1390 exordium,
845 1325 942 1391 quum
962 1312 1061 1394 vulgo
1151 1330 1164 1356 0

107 1421 254 1491 coeptum
271 1427 320 1476 est
335 1409 468 1478 infantes
483 1413 580 1494 tingi,
601 1424 698 1495 quum·
717 1417 800 1495 apud
816 1416 938 1496 priseos
957 1414 1061 1487 iimo-

109 1516 152 1581 do
165 1515 385 1600 tingerentur,¹
397 1517 453 1598 qui
474 1517 506 1580 in
520 1519 602 1583 vitae
621 1518 822 1584 demiratione
837 1515 995 1582 constituti
1010 1537 1061 1584 es-

108 1618 193 1686 sent:
215 1626 389 1701 quanquam
404 1616 480 1700 quid
496 1620 663 1686 hocerat?
683 1606 758 1687 num
773 1620 883 1685 mortis
894 1619 1060 1689 discrimen

106 1725 261 1790 doctiores
279 1742 383 1789 rerum
400 1723 644 1792 Christianarum
660 1723 810 1795 faciebat?
830 1729 894 1794 Sed
909 1728 1060 1795 inhibitus

106 1846 295 1908 eruerint,
316 1829 372 1909 qui
386 1829 571 1910 baptismum
587 1831 778 1896 existimabat
793 1846 867 1913 post
887 1833 976 1899 fidem
985 1854 1060 1916 pec·

106 1948 175 2000 cate
188 1935 327 2001 abluere:
348 1936 402 2016 qui
418 1934 545 2013 deinde,
565 1950 602 2000 ut
624 1933 762 2014 adsolet,
783 1936 919 2005 atrocius
942 1937 1057 2020 grassa·

106 2056 179 2118 tus,
200 2040 289 2105 ausos
306 2039 365 2104 fuit
383 2038 550 2104 infantibus
571 2037 660 2102 etiam
676 2035 800 2103 salutem
821 2058 951 2122 negare,
971 2041 1057 2133 quali

105 2164 183 2208 vero
199 2145 352 2211 crudelior
364 2144 401 2209 iit
414 2144 585 2223 Christus,
605 2160 696 2224 quam
715 2142 840 2208 Moses:
862 2144 917 2210 sub
934 2147 1057 2227 quoin·

103 2263 152 2313 ter
167 2249 247 2314 filios
260 2252 350 2317 lsrael
363 2250 580 2325 censebantur,
602 2247 656 2327 qui
673 2246 838 2312 circumcifi
860 2248 981 2328 essent,
1001 2265 1057 2316 eut

104 2353 313 2419 oblationibus
332 2354 462 2420 initiati:
485 2350 603 2420 etiamst
632 2353 787 2416 Abraham
818 2351 878 2421 fide
910 2356 1052 2423 nondum

103 2457 318 2548 imitarentur,
338 2476 397 2525 nec
412 2458 496 2524 enim
509 2456 688 2539 poteraut.”

147 2610 167 2640 „
188 2562 347 2630 Extrona
363 2568 485 2643 umero,
506 2563 546 2628 fic
570 2563 650 2626 enim
674 2581 806 2642 vocant,
826 2564 993 2629 humanum
1014 2583 1052 2648 ac

100 2666 191 2734 civile
206 2668 343 2734 officium
368 2684 428 2733 est.
445 2697 451 2708 ·
469 2667 637 2750 Ungebant
661 2669 810 2750 Apostoli
830 2687 1055 2752 nonuunquam

98 2785 267 2854 oegrotos,
298 2787 331 2838 et
350 2773 429 2838 bene
459 2787 633 2854 coeperunt
656 2771 789 2852 hebere,
819 2773 923 2855 quir
902 2774 1054 2841 finistrius

95 2878 434 2965 pauloantevalebant.
440 2878 550 2942 Marc.
565 2899 614 2942 ιο.
637 2878 708 2942 Hoc
716 2877 1054 2959 perpetuoservandum

101 2979 165 3043 esse
191 2996 302 3046 monet
333 2979 511 3062 Iacobuss.
562 2979 694 3045 Invisere
719 2981 863 3045 videlicet
884 3000 1050 3064 aegrotos,

102 3083 157 3150 ubi
170 3081 193 3149 fi
208 3083 279 3150 ulus
294 3086 450 3167 postulet,
470 3096 524 3151 aut
544 3080 704 3164 aegritudo
728 3079 829 3159 ferat,
849 3083 915 3164 qui
927 3083 1049 3164 profec-

99 3189 179 3254 tiore
193 3188 253 3255 iam
269 3187 338 3257 sunt
361 3203 477 3265 acute,
497 3186 609 3252 malum
634 3185 767 3250 debeant
788 3198 972 3271 attrectare,
991 3207 1050 3256 un·

100 3313 190 3378 gere,
212 3296 381 3372 aeneum,
402 3308 437 3359 ut
452 3291 580 3370 liberet,
602 3288 726 3354 orare?

142 3398 272 3479 „Ordo
280 3398 394 3478 sacer,
415 3415 518 3478 quem
527 3395 687 3476 perhibent
706 3393 821 3478 animae
845 3363 1049 3462 characterem
1100 3464 1103 3471 ,

98 3505 274 3585 quendam,
296 3505 380 3567 velut
401 3519 527 3583 ungue,
547 3500 707 3583 infligere,
735 3499 900 3564 humanum
921 3500 1048 3582 figmen-

98 3622 165 3671 tum
178 3622 238 3673 ιιι.
280 3606 377 3694 Quod
391 3624 493 3672 autem
508 3606 548 3672 de
564 3603 756 3688 impolitione
770 3623 915 3670 manuum
930 3624 969 3670 ex
982 3604 1049 3672 Ac·

18 3694 23 3702 ¹
91 3714 140 3776 ,tis
158 3728 197 3776 et*
215 3732 229 3775 1
254 3711 333 3778 lim.
358 3732 392 3792 4.
416 3711 595 3788 adducunt,
616 3709 762 3776 frivolum
780 3723 841 3774 est.
865 3783 870 3790 ,
891 3709 1060 3778 Exterior-

97 3815 173 3883 luee
195 3815 385 3902 conlignatio
401 3815 486 3900 fuit,
506 3814 817 3900 qtueosnotabmt,
837 3815 871 3882 'm
892 3836 974 3902 quos
990 3818 1057 3883 lin··
