2438 4426
548 274 713 360 (8³)

152 456 320 525 occumbit.
364 459 450 544 Quae
462 477 547 523 uero.
559 462 597 523 de
612 458 720 525 ultimo
742 460 808 527 eins
823 460 1105 549 fumacnepimui,

152 561 226 626 haec
250 561 337 626 habe.
396 609 416 642 „
436 565 610 628 Prostrutus
647 567 848 644 prementium
884 568 1104 650 multitudine,

153 666 280 731 tertium
295 665 368 729 sein
384 669 481 748 pedes
496 669 614 733 evenit:
636 671 758 734 tandem
776 671 905 751 cuspide
925 672 980 736 sub
995 690 1104 738 mento

152 771 338 850 transfixus,
361 785 393 836 et
418 769 451 837 iu
482 791 580 852 genua
601 775 762 854 prolapsus
794 775 889 839 diuite
921 779 1032 862 ecquid
1051 776 1107 844 heu

152 876 347 959 immenti?
367 897 446 962 age,
466 895 575 964 cerpus
592 878 714 964 quidem
732 879 865 943 occidere
873 880 1021 966 possunt,
1037 889 1108 948 aru<

151 988 234 1048 airam
263 1004 325 1047 nun
348 983 486 1071 possunt.
536 985 635 1058 lacuit
656 981 762 1053 vivens
791 984 892 1048 adhue
916 984 995 1049 iuter
1019 985 1109 1053 strum

152 1087 292 1168 undique
309 1087 533 1170 Tigurinorum
558 1090 727 1168 adnuere,
747 1101 778 1151 at
797 1088 939 1154 manibus
958 1093 1110 1169 precanu-

152 1210 205 1256 um
223 1209 318 1255 more
344 1191 522 1274 compositis
543 1210 579 1256 ue
605 1193 638 1255 in
654 1192 776 1256 coelum
807 1193 876 1258 fixis
901 1195 1021 1272 oculis,
1040 1212 1108 1263 non

151 1297 233 1360 ebra
257 1295 382 1374 quidem
402 1314 503 1376 voce,
532 1291 582 1359 sed
610 1295 724 1361 leniter
753 1297 850 1362 motis
874 1297 963 1363 labiis
994 1291 1106 1373 omnir.

70 1455 78 1469 .
152 1400 289 1468 Munium
302 1410 410 1483 eutem·
422 1401 546 1466 hostilis
562 1401 726 1464 exercitus·
739 1413 824 1481 parte
844 1400 1016 1484 'ligurinus
1040 1421 1112 1485 per·

152 1505 320 1586 sequente,
350 1507 473 1586 quidam
494 1506 609 1570 interea
629 1524 686 1584 per
713 1504 882 1585 prostratos
913 1507 1110 1590 grasnntee,

154 1627 359 1692 quoscunque
381 1611 546 1675 semivivos
573 1607 778 1689 invenissent,
799 1609 838 1676 de
857 1610 1111 1698 cudisstompa-

150 1712 315 1802 pistica'et
335 1715 476 1783 diuorum
491 1717 679 1783 invocatione
705 1716 944 1793 compellarunt.
986 1715 1109 1789 Zuin·

154 1820 267 1902 glius
289 1817 409 1900 imque,
448 1823 486 1884 ab
508 1821 616 1886 iisdem
641 1822 868 1900 interrogatus,
897 1834 985 1884 moto
1006 1818 1107 1899 capite

153 1925 279 2002 abnuit,
308 1939 359 2003 et,
387 1924 418 1986 iu
441 1927 560 1988 coelum
583 1925 708 1989 sublatis
734 1925 857 1998 oculis,
884 1924 1054 1990 Dominum
1074 1923 1111 1987 in

153 2030 248 2094 coelis
257 2027 287 2092 se
302 2028 443 2094 invocare
452 2024 642 2108 fignificivit.
686 2028 769 2092 Tum
781 2022 1110 2107 quidamimmani'glffl

153 2131 208 2196 dio
228 2132 317 2194 irruit
348 2132 552 2214 iugulumque
576 2130 700 2213 penitus
723 2126 833 2194 huusrt'.
855 2165 883 2178 -
905 2124 1044 2205 Cadaver
1060 2128 1110 2197 in·

153 2242 278 2299 uentum
290 2281 302 2311 ,
312 2236 437 2300 ¹iudicio
453 2239 717 2312 condemnatum,
739 2235 771 2298 in
789 2250 922 2316 quatuor
937 2232 1110 2314 partesdis·

152 2339 270 2405 sectum
288 2353 319 2402 et
334 2339 398 2420 igni
423 2339 455 2402 in
473 2341 605 2404 cinerem
632 2338 690 2402 fuit
707 2339 889 2406 redactum''
903 2341 974 2425 (1).
1019 2334 1111 2411 orne·

155 2443 421 2526 Zuingliusd.
445 2445 482 2505 11'
500 2443 574 2508 Oet.
599 2460 699 2524 1531,
720 2459 780 2509 aet.
796 2460 851 2524 47.

575 2652 594 2732 §
614 2651 686 2717 VII.

454 2858 645 2941 Zuinglii
666 2859 793 2928 indoles.

194 3067 249 3132 Ex
265 3066 321 3130 hac
336 3064 428 3147 igitur
443 3067 535 3153 turha
554 3067 629 3130 Zui
640 3065 777 3146 nglius
796 3078 830 3128 et
847 3065 1026 3130 colluvione
1041 3063 1110 3131 ὤι-

153 3171 261 3248 cnusrt‚
281 3185 373 3250 utque
388 3169 425 3233 ad
439 3169 575 3234 divinum
597 3166 765 3238 animorum
788 3169 952 3239 concilium
967 3163 1108 3234 coet'umu
1198 3198 1201 3203 ·

155 3294 217 3353 que
236 3276 394 3354 profectus
410 3286 468 3335 est.
513 3271 607 3349 Apud
622 3284 767 3352 posteros
784 3286 883 3333 eutem
900 3289 1037 3352 magnam
1059 3292 1107 3338 re·
1150 3350 1153 3355 ¹

152 3377 244 3458 liquit
263 3378 397 3442 numinis
421 3376 639 3448 celebritatem.
683 3374 732 3439 De
756 3371 906 3445 industrie
926 3388 1026 3445 1111111)
1052 3376 1103 3442 hic

151 3480 401 3563 uun'possuuuus
418 3481 450 3545 in
474 3481 541 3545 eius
565 3476 718 3558 inquirere
743 3477 899 3557 indolem3
920 3495 985 3541 non
1000 3474 1108 3551 ferum

1056 3580 1104 3649 vi.

190 3708 245 3786 (1)
264 3712 378 3770 Haece
402 3711 536 3769 relatione
560 3688 705 3768 ¹Adami
727 3709 837 3771 nnn.
869 3707 910 3771 cf.
937 3707 1105 3779 Ruchut,

154 3807 174 3862 1.
193 3806 213 3864 l.
232 3806 269 3867 T.
287 3808 340 3866 111.
355 3824 384 3878 p.
407 3821 463 3879 399
478 3805 537 3881 sqq.
603 3897 629 3960 F
