2438 4426
523 248 553 330 r
596 250 715 339 m)

570 454 591 535 §
610 446 676 522 vl.'

148 640 226 710 Non
243 646 401 732 fiditiose,
414 650 476 732 sed
488 654 623 745 sapienti
643 663 809 735 admonitam
824 672 942 758 confido
954 676 993 741 in
1007 685 1091 767 opere

183 750 369 837 perficiendo
383 758 500 839 uersati
512 763 608 847 suaet,
635 770 680 833 ad
693 776 841 841 rationem
857 776 1052 866 Apostolr‘cae
1076 788 1080 795 '

350 860 502 949 Eccltfiae
513 864 604 947 suam
628 878 894 948 accommodantes.

141 1076 145 1083 ¹
174 1044 411 1133 -Zninglius
430 1056 601 1138 caeterique
623 1060 857 1135 Reformatores
879 1054 1092 1140 Helvetieine

138 1146 244 1214 icario
251 1154 353 1219 essent
361 1156 426 1223 foto
437 1159 563 1242 ssmiles,
584 1184 693 1234 cuncta
708 1171 766 1236 rite
781 1175 979 1256 prospicere,
991 1179 1090 1243 lente·

137 1268 206 1331 *illss
219 1259 361 1334 progredi
375 1262 535 1329 debebant.
558 1270 671 1352 Siquis
685 1292 760 1336 vero
780 1279 943 1342 attenderit
961 1283 999 1345 ad
1020 1280 1092 1345 uni·

136 1356 257 1422 uersam
273 1377 378 1425 corum
402 1368 508 1447 agendi
524 1371 690 1448 rationem,
713 1374 799 1439 facile
820 1377 993 1460 intelliget,
1029 1402 1089 1449 eos

137 1458 273 1529 feliciter
295 1464 392 1547 ipsum
422 1470 592 1556 Religionis
623 1491 777 1540 auctorem
808 1477 900 1542 fuisse
931 1482 1086 1553 imitatos.

142 1566 219 1633 Non
237 1566 418 1654 inceperunt
431 1578 470 1642 ab
491 1581 692 1659 oppugnanda
716 1578 909 1657 Hierarchia;
943 1596 975 1645 et
992 1598 1087 1650 recte

139 1669 277 1747 quidem.
322 1676 392 1741 Hoc
415 1681 494 1745 enim
515 1679 536 1744 sr
561 1679 724 1756 fecissent,
754 1681 918 1747 timendum
947 1681 1081 1769 fnisset,

136 1784 181 1835 ne
198 1772 353 1858 Helvetii,
374 1782 582 1849 ardentissimo
598 1785 746 1851 libertatis
762 1784 861 1852 studio
876 1787 977 1863 ducti,
999 1788 1030 1852 vi
1043 1798 1082 1855 ae

134 1876 243 1947 furore
263 1885 364 1953 omnia
384 1886 496 1953 surium
522 1887 662 1954 deorsum
683 1891 865 1957 vertissent.'
884 1892 943 1957 Sed
956 1891 1085 1974 persua-

136 1986 241 2057 dendo
253 1993 382 2057 maxime
396 1986 552 2057 confilium
568 1993 686 2074 assequi
707 1994 895 2063 sttrduermt.
945 1984 1082 2082 Quoties
1125 1985 1128 1989 ’

135 2091 177 2159 iis
194 2114 254 2179 pro
268 2094 416 2162 concione
426 2098 589 2163 dicendum
610 2112 696 2179 emt,
716 2100 810 2165 libere
835 2099 886 2165 illa
911 2099 1081 2180 proposue-

135 2212 212 2265 runt
234 2200 388 2267 Romanae
409 2201 560 2268 Ecclesiae
587 2204 720 2284 placita,
750 2220 850 2286 quae,
878 2205 916 2268 ad
936 2204 971 2267 S.
993 2203 1079 2269 cod.

135 2308 258 2385 exacte,
278 2322 351 2370 vere
377 2305 414 2370 iis
438 2307 638 2386 viderentur,
659 2308 788 2373 caeteris
811 2309 970 2386 vel—plane
985 2306 1084 2371 omis-

134 2406 197 2485 iis‚
216 2408 268 2471 vel
280 2406 379 2489 digito
398 2424 513 2477 tantum
529 2412 628 2477 tactis.
671 2411 824 2492 Imprimis
842 2424 940 2478 autem
963 2411 995 2474 in
1009 2428 1081 2475 mo·

134 2508 223 2575 ribus
239 2513 432 2580 emendandis
452 2534 574 2582 omnem
593 2533 698 2579 euram
717 2513 905 2595 posuerunt,
927 2526 962 2578 ut
976 2513 1076 2578 italo·

133 2630 175 2677 co
198 2632 409 2698 removerent,
443 2623 527 2701 quod
554 2618 677 2685 caeteris
704 2619 882 2698 peragendis
915 2616 1081 2694 maximum

133 2712 261 2781 ittferret
283 2718 544 2801 impedimentum.
608 2722 721 2784 Interea
743 2739 812 2784 cum
836 2721 998 2802 vidissent,
1019 2721 1082 2786 ho·

131 2819 231 2887 mines
245 2825 396 2892 maiorum
409 2826 511 2893 senfim
531 2824 596 2891 fieri
613 2840 755 2902 capaces,
777 2825 814 2888 de
842 2826 965 2889 cacteris
988 2825 1079 2890 etiam

87 2970 92 2983 ·
131 2924 358 2995 dubitationem
374 2932 411 2995 iis
428 2930 613 3006 iniecerunt,
634 2943 750 3007 eosque
771 2931 809 2994 ad
829 2930 863 2994 S.
889 2931 972 2996 Cod.
989 2928 1080 2995 effata

134 3032 337 3101 reduxerunt.
388 3038 506 3114 Porro,
536 3033 620 3114 quod
644 3033 681 3099 dc
701 3032 920 3114 Zuinglio,
940 3035 1083 3114 Myco-

135 3136 227 3217 nio,
248 3140 433 3206 Vediano
453 3135 585 3214 constat,
606 3137 732 3201 iuvenes
749 3138 875 3202 maxime
889 3136 1079 3203 nobilesim·

137 3242 229 3309 buere
251 3244 354 3309 conati
374 3243 443 3309 sunt
470 3238 555 3305 sensu
579 3241 666 3319 veri,
693 3242 813 3322 pulcri,
842 3242 1000 3322 bonique,
1022 3241 1080 3321 qui

136 3346 284 3431 deinceps
303 3365 415 3429 magno
439 3345 552 3426 ubique
571 3342 670 3411 essent
686 3345 778 3407 rebus
790 3345 976 3410 Christianis
992 3363 1081 3408 emo·

136 3454 288 3521 lumento.
339 3453 505 3534 Postquam
527 3467 599 3514 vero
623 3446 787 3528 superioris
811 3449 926 3512 ordinis
948 3445 1079 3513 clericos

134 3560 253 3627 frustra
277 3571 482 3634 tentaverant,
519 3557 589 3621 Deo
610 3551 728 3634 magis,
761 3571 850 3630 quam
875 3552 1077 3633 hominibus,

134 3665 341 3732 obediendum
368 3661 432 3728 esse
454 3659 514 3727 libi
535 3660 699 3723 duxerunt.
764 3654 869 3736 Itaque
895 3657 992 3736 palam
1016 3654 1079 3721 sese

135 3770 297 3841 Romanae
328 3767 479 3848 Eccleliae
512 3761 667 3833 erroribus
691 3758 913 3846 opposuerunt.
954 3758 1081 3827 Deinde

232 3859 237 3885 ²
1026 3879 1080 3927 ex-
