2438 4426
520 274 687 365 (90)

131 464 352 536 henricum
383 464 607 544 Latinium,
629 469 866 548 onosdomoet
881 463 1080 538 mensaesose

129 572 295 651 adhibuit,
317 571 410 638 etita
431 570 580 652 instituit,
602 572 750 639 utSacris
772 575 980 692 emendandis
986 589 1080 658 qoam

133 679 263 744 maxime
279 675 509 759 prodessent(t
515 678 542 756 ).

178 783 229 850 Sic
255 802 294 847 ex
321 798 384 846 uno
410 780 471 844 hec
494 775 582 845 fonte
608 797 698 861 quam
715 781 841 879 plurimi
858 783 1055 851 hantonae·
1046 801 1080 850 tn

132 883 502 956 communemznominam
519 884 694 951 utilitatem.

517 1091 650 1172 κιιι.

219 1297 445 1379 Zainglius
466 1296 559 1373 saera
574 1297 710 1383 fungens
728 1312 854 1364 mature
874 1296 994 1383 effecit,

322 1439 358 1491 ut
371 1423 448 1505 suas
466 1429 576 1510 partes
589 1423 795 1511 sequerentur
818 1423 901 1489 laici.
1063 1437 1066 1441 ’

178 1634 248 1698 Nec
272 1652 348 1700 vero
376 1631 466 1697 unice
491 1631 571 1695 inter
590 1633 703 1698 amieos
729 1629 877 1714 virosque
906 1632 1016 1697 doctos
1045 1641 1081 1696 eo

132 1735 230 1800 mittit
258 1735 504 1825 zui-aglius,
526 1734 575 1800 sed
591 1735 623 1800 in
641 1756 679 1801 eo
696 1734 843 1816 imprimis
865 1737 946 1805 suam
961 1736 1081 1802 navavit

135 1833 281 1922 operam,
302 1854 339 1904 ιιι
359 1842 453 1905 laicos
474 1840 609 1922 rectius,
639 1858 731 1922 quam
756 1840 862 1908 caeteri
887 1838 990 1907 clerici
1008 1854 1082 1906 eon·

131 1942 314 2023 sueverant,
335 1943 515 2012 institueret.
559 1947 630 2011 Nec
646 1946 760 2012 frustra
779 1946 836 2011 hac
854 1945 887 2010 in
910 1963 944 2010 re
967 1944 1082 2009 labora-

135 2052 196 2118 vit.
237 2048 388 2118 Institutio
408 2051 487 2116 enim¹
503 2047 663 2133 popularis
678 2053 758 2117 bene
778 2050 939 2117 constituta
959 2050 997 2115 ad
1018 2051 1084 2132 pel-

138 2160 258 2226 lendam
271 2155 466 2240 ignorantiam
484 2172 514 2221 et
529 2154 747 2239 praeiudicatas
766 2156 950 2239 opiniones,
971 2157 1009 2221 ad
1025 2157 1085 2219 tol·

139 2264 261 2332 landam
281 2259 521 2342 supermensus,
542 2257 581 2324 ad
597 2262 803 2326 emendandos
827 2280 949 2338 mores,
971 2260 1082 2327 etiamst

141 2368 238 2436 initio
261 2364 385 2434 fructus
415 2361 469 2430 vix
493 2378 623 2428 cernere
643 2364 752 2445 liceat,
780 2378 965 2447 magnopere
986 2365 1084 2483 valete

140 2474 232 2544 solet

185 2575 357 2658 Zuingl
464 2569 518 2638 ubi
542 2572 696 2639 doctrinae
716 2572 907 2640 Christianae
938 2573 1085 2653 interpres

140 2698 206 2749 erat
220 2592 492 2835 Glareanffmm
503 2666 741 2761 maroneum),
764 2678 884 2746 Christi
912 2661 1086 2759 exemplum

141 2789 284 2866 secutus,
306 2783 450 2851 adversus
473 2781 545 2847 titia
560 2800 760 2864 quaecunque
778 2783 936 2862 conflixit,
959 2778 1086 2847 maxime

139 2887 285 2955 novemus
305 2889 466 2976 pensores.
509 2886 638 2953 Patriam
667 2883 749 2951 enim
769 2889 806 2953 ad
823 2888 1072 2968 pristinamm
1012 2882 1089 2950 otn-

143 2995 312 3083 plicitatem
342 3010 374 3062 et
404 2990 579 3060 felicitatem
620 2990 808 3058 adducere
799 3010 830 3058 m
861 2991 944 3057 votis
969 2992 1087 3060 habuit.

1038 3080 1090 3164 In'·

185 3243 241 3324 (ι)
260 3246 510 3321 Myconius,
534 3247 647 3310 invita.
670 3190 757 3307 Μιιι.
765 3249 822 3322 Tig.
845 3248 880 3306 T.
909 3248 948 3307 ΙΙ.
970 3209 1000 3320 p.
1023 3247 1088 3318 681.

145 3337 186 3404 r.
211 3345 261 3403 111.
283 3359 313 3415 p.
333 3359 398 3415 344.
430 3340 620 3416 certes,
640 3345 659 3408 ι.
683 3336 703 3403 ι.
729 3328 842 3418 aas..
882 3344 975 3418 Quum
998 3341 1091 3417 uspu-

145 3438 216 3498 tan'o
238 3433 365 3507 Badensrs
388 3435 561 3506 haberetur,
581 3453 635 3496 nec
658 3440 710 3496 zu
726 3438 762 3493 in
775 3455 793 3510 g
805 3439 814 3493 l
826 3438 835 3493 i
847 3454 890 3494 us
910 3437 948 3494 ibi
967 3435 1092 3503 adesset,

143 3533 172 3590 is
185 3546 285 3591 ttamen
303 3530 409 3602 magnas
432 3530 485 3588 suis
510 3531 633 3604 epistolis
649 3547 742 3606 partes
762 3532 836 3605 egit,
857 3533 957 3606 quibus
980 3533 1094 3606 respon·

144 3610 241 3683 tiebat
255 3626 405 3683 amicorum
428 3627 645 3698 quaestionibus.
683 3628 721 3687 Hi
742 3631 813 3686 enim
827 3644 927 3687 cuncta
950 3629 977 3686 ei
999 3627 1093 3703 cogni-

148 3733 176 3777 ta
197 3719 391 3779 reddiderunt.
428 3720 493 3782 vad.
519 3721 602 3785 Mira
631 3718 688 3797 ug.
704 3723 747 3784 T.
776 3723 844 3785 tta·
840 3739 888 3805 p.
909 3725 978 3784 sss.
994 3721 1046 3815 Cf.'
1066 3719 1093 3779 S.

150 3816 237 3877 Hes
244 3834 279 3890 s
298 3818 318 3877 ι.
341 3819 361 3877 ι.
381 3817 408 3879 S.
430 3831 485 3894 γι.
814 3856 817 3861 -
