2438 4426
538 242 746 331 (12⁶)¹

157 448 206 495 ter
226 430 361 511 mtttboe
380 430 490 497 stetu.
532 429 616 495 Non.
631 451 696 511 qno
712 432 766 498 nbi
784 434 972 517 lanceatione
990 442 1099 507 abndv

154 534 287 601 rut'ario
308 548 447 615 careret,
467 551 520 601 aue
535 535 633 616 figulo
647 554 712 601 non
726 538 816 605 liceat
838 562 855 606 e
868 544 1029 625 consperso
1047 550 1097 612 lu-.

156 658 192 707 tu
211 640 310 707 facere
325 642 374 705 rel
386 638 529 721 refingere
550 642 792 723 qualemcunque
806 646 878 711 velit
894 664 1022 715 testam:
1045 650 1096 715 sed

156 766 223 827 quo
239 744 370 829 per-lroc
391 742 516 810 iustitiae
535 746 709 827 'exemplum
719 756 743 826 ‚2
754 747 942 817 oscitantiam
972 769 1002 818 et
1031 771 1095 819 tor-

155 872 298 937 por-ema
319 848 407 913 nobis
430 848 570 924 tolleret,
601 870 637 915 ac
658 849 688 913 se
708 853 877 931 qualisnam
902 856 1000 938 esset,
1031 858 1093 923 ius·

153 974 227 1037 tus,
248 958 370 1029 bonus,
385 950 569 1029 misericors,
587 955 678 1018 nobis
695 973 878 1036 exponeret:
901 976 972 1041 aut,
986 981 1026 1026 ne
1046 964 1092 1025 ni-

151 1066 244 1131 mium
268 1062 307 1125 de
332 1058 398 1129 eius
419 1056 549 1122 contiliis
572 1057 661 1139 loqui
682 1060 925 1143 praesumamus,
950 1066 1022 1147 quin
1051 1065 1089 1131 fic

151 1166 194 1229 illi
217 1158 367 1243 placuit?
383 1160 544 1225 :munitae
565 1176 665 1227 autem
690 1164 782 1229 in.S.
805 1169 889 1233 Cod.
911 1168 980 1234 sunt
1005 1169 1090 1236 iusti·

149 1266 207 1331 titt
221 1280 253 1329 et
267 1262 459 1344 benignitatis
471 1264 591 1331 divinae
607 1268 713 1331 laudes
725 1265 778 1346 Ps.
798 1289 869 1351 ιιι-4.
892 1293 962 1339 100.
980 1274 1090 1342 ΕΜ.

151 1388 205 1435 20.
224 1368 346 1433 altario.
371 1384 422 1449 19.
444 1368 528 1435 alibi.

190 1476 297 1543 Homo
304 1516 320 1553 ,-
337 1473 453 1555 quippe
461 1473 523 1554 qui
538 1474 669 1555 peccatis
686 1488 738 1553 est-
748 1475 888 1557 deditus,
904 1479 1026 1545 divinae
1039 1483 1092 1548 iu·.

148 1582 244 1649 uiuae
258 1576 561 1659 l'atisiacareuoquit,
581 1580 704 1643 utboua
716 1579 861 1659 quidem,
883 1600 960 1658 quae
976 1584 1090 1649 dicun.

146 1704 220 1765 rur,
242 1681 448 1765 operadivina
462 1679 557 1762 magis
568 1681 808 1761 reprobatione,
830 1686 919 1761 quam
932 1687 1089 1765 approba-

143 1787 327 1869 tionedigna
341 1785 436 1862 sunt,
455 1782 635 1847 srniin'irum
653 1784 691 1847 'ad
706 1783 781 1866 legis
796 1784 915 1851 divinae
929 1791 1085 1870 postulata

144 1906 249 1957 exacte
262 1888 476 1955 aestimentur.
495 1886 644 1965 nono
1003 1950 1007 1955 .

188 1994 311 2079 „Huic
327 2015 400 2079 ergo
414 2011 475 2061 taur
492 1992 620 2058 del'ertae
639 1993 740 2060 causae
758 2009 881 2059 nostrae
894 1997 1012 2061 tandem
1026 2019 1085 2063 vo-

143 2108 212 2169 lens
227 2100 399 2191 succurrere
412 2114 527 2167 erutor
540 2110 667 2176 noster,
689 2099 786 2181 mffit,
803 2101 856 2182 qui
874 2098 941 2166 suae
955 2101 1083 2183 iustitiae

140 2208 201 2274 sese
217 2208 309 2275 nobis
327 2180 450 2273 litairdu
458 2198 657 2269 malefaceret
680 2222 744 2268 non
762 2207 923 2286 angelum,
944 2224 1007 2269 nou
1024 2207 1082 2270 ho·

141 2314 277 2390 minem,
296 2309 346 2377 tut
358 2294 481 2399 Filium
482 2298 589 2384 suum,
611 2308 742 2389 eumque
756 2327 846 2372 carne
862 2309 1022 2385 induturn',
1041 2328 1081 2374 ne

138 2434 192 2481 aut
212 2414 351 2481 maiestas
374 2404 392 2479 a¹
418 2378 584 2493 congressu
605 2410 791 2491 deterreret,
811 2428 864 2476 aut
883 2414 1038 2479 humilitas
1061 2435 1081 2480 a

136 2519 190 2602 spe
217 2514 396 2585 deiiceret.”.
414 2548 453 2565 -
474 2514 563 2601 Ut
579 2531 657 2579 ennu
673 2515 761 2601 Deus
777 2533 832 2595 per
851 2510 961 2579 Filium
979 2517 1079 2579 homi·

135 2622 361 2701 metuerentur,
388 2620 510 2701 itaper
533 2616 717 2697 eundem'nr
744 2631 874 2680 mortem
902 2617 1077 2699 prolapsum

135 2744 270 2804 reparare
254 2722 409 2802 statuit,
431 2742 496 2801 quo
514 2720 648 2791 eiusdem
670 2719 749 2784 esset
773 2720 887 2784 creatio
906 2734 937 2785 et
960 2741 1077 2802 repara·

134 2826 216 2894 tio.”
252 2825 350 2891 ¹luam
372 2846 403 2890 1.
425 2824 533 2900 coloss.
553 2844 580 2888 1.
597 2823 683 2908 Epa.
708 2844 739 2888 2.
761 2823 920 2908 Prornissso
945 2826 1023 2890 Gen.
1045 2846 1074 2906 3.

132 2930 199 3019 (tf.
211 2932 291 3000 Gen.-
310 2950 323 2995 ι
329 2948 360 3013 5.
377 2930 467 2995 Hier.
485 2950 537 3012 23.
557 2929 701 3009 Gal-3.)
719 2946 796 3009 quae
813 2928 974 2994 Christum
992 2931 1075 3013 spec-

133 3052 189 3105 tat.
234 3086 255 3119 ,‚
274 3034 494 3103 consideranda
517 3030 588 3096 sunt
617 3028 728 3111 postea
755 3032 882 3113 omnia,
913 3052 991 3113 quae
1017 3056 1073 3117 per

134 3158 299 3223 utrumque
318 3141 416 3207 Adam
433 3134 621 3227 gerulum,
643 3136 704 3200 hoc
718 3149 763 3200 est
780 3155 836 3213 per
854 3136 1000 3200 carnalem
1021 3160 1072 3219 pa·

132 3261 253 3313 rentem
268 3259 299 3307 et
320 3240 516 3310 Christum.”
543 3238 635 3305 Rom.
656 3258 701 3322 5.·
734 3240 836 3305 1Cor.
860 3258 909 3320 15.
976 3242 1072 3328 Quod

133 3349 267 3420 breuiter
290 3346 353 3411 hnc
370 3345 473 3411 referri
491 3356 671 3427 potestz„
692 3342 816 3407 obstrus
818 3356 832 3405 t
808 3343 944 3423 rprimi
968 3364 1078 3426 paren-⁴

131 3452 174 3515 tis
188 3446 503 3545 ιιιιιιιῐιριιιιιιίιὶιιιι,
525 3446 814 3512 reservavitChristi
831 3446 984 3513 humilitas
1004 3467 1075 3513 coe·

131 3540 232 3621 luur.”
605 3598 608 3603 -

137 3703 196 3739 ,,
216 3636 297 3721 Sunt
316 3668 348 3718 et
370 3650 449 3719 alia
440 3668 594 3715 rnnunrera
619 3651 649 3716 in
672 3652 710 3718 V.
737 3653 779 3719 T.
808 3651 973 3735 vaticinia.
995 3675 1073 3738 quae

130 3730 238 3851 ipsius
250 3759 435 3851 adventurn,
456 3753 741 3883 conservationem,
772 3771 925 3844 mortem,
952 3779 987 3825 ac
1008 3780 1075 3825 orn-

1001 3877 1072 3925 nem
