2438 4426
514 238 695 323 (1⁸42

130 418 269 495 nutem,
289 428 339 487 'ne
362 421 452 487 nimie
475 422 706 491 Refomratores
730 422 949 510 prosequimur
969 448 1096 497 venera-

131 514 249 599 tione,
271 540 325 589 ant
342 526 473 591 divinam
490 528 640 607 quandam
656 530 865 599 auctoritatem
888 533 928 598 iis
950 536 1094 601 concilie-

136 626 233 689 mus!
256 628 334 693 Nun
343 630 417 697 iilud
426 629 572 713 imprimis
584 633 694 699 honori
702 636 859 718 ducimus,
881 641 968 719 quod
979 640 1094 706 Zuin·

138 728 223 809 glii
245 728 338 797 limus
360 732 517 817 diseiprrli3
548 736 654 803 sedin
683 760 721 804 eo
752 740 855 823 potius
887 742 1092 825 exsultamus,

135 836 231 911 querd
254 836 470 903 Christum
487 842 579 907 nobis
596 842 700 907 audire
713 844 818 924 liceat,
836 849 994 912 docentem
1005 896 1017 927 ‚
1028 868 1093 914 mo-

137 952 295 1017 nentem,
315 942 536 1012 adhortantem.
567 947 622 1012 Sin
642 966 715 1011 vero
731 949 764 1012 in
785 950 951 1032 Zuingli
963 952 972 1014 i
986 970 1092 1016 mores

137 1054 174 1105 et
194 1042 373 1113 dissolutam
388 1046 511 1112 vivendi
533 1049 679 1116 rationem
695 1052 924 1119 animadvertere
940 1056 1002 1120 sese
1019 1075 1092 1137 pos·

136 1146 305 1229 deputent
327 1150 506 1232 Pontificii3
538 1155 613 1236 quid
640 1153 783 1218 maledieo
801 1157 891 1221 dente
909 1160 1093 1242 Zuingli·
1188 1234 1194 1251 Ι

136 1268 200 1316 um
222 1250 365 1319 iuvenem
382 1257 692 1337 cerpentPontifieii,
714 1258 1092 1342 dumAugustinum‚

138 1352 287 1421 iuvenem
304 1354 419 1424 scilicet
435 1361 556 1425 lascivis
576 1361 648 1424 olim
663 1359 822 1438 moribus,
844 1363 875 1424 in
891 1365 1011 1427 coelum
1028 1369 1094 1432 lau·

138 1456 237 1527 dibus
253 1464 425 1541 extollunt,
447 1477 480 1528 et
501 1465 582 1546 piam
597 1462 661 1527 eius
685 1464 740 1526 suo
762 1463 827 1526 iure
852 1467 1005 1531 celebrant
1027 1491 1094 1537 rne-

139 1564 298 1631 moriam?
325 1568 381 1635 Sin
396 1587 496 1650 vero,
519 1565 643 1634 historia
655 1567 754 1645 duce,
775 1566 1025 1635 Reformatorem
1041 1577 1096 1637 in-

138 1668 249 1735 dniem
265 1672 464 1754 indagemus,
486 1674 563 1739 nihil
584 1669 719 1738 universe
741 1670 994 1750 deprehendimus
1019 1674 1090 1739 isti-

140 1774 268 1837 umrodi
295 1775 369 1839 viris
389 1776 560 1860 indignum.
608 1775 812 1842 observamus
832 1775 911 1841 enim
932 1777 1093 1859 ingenium

140 1890 324 1957 promtum,
340 1898 441 1945 rerum
457 1881 625 1947 divinarum
642 1882 899 1962 humanarumque
914 1881 1094 1963 cognitione

141 1978 228 2050 bene
244 1987 420 2066 excultum,
441 1989 563 2054 dicendi
577 2001 609 2051 et
621 1983 738 2051 eausam
747 1986 903 2066 religionis
917 1985 1094 2053 vindicandi

145 2088 291 2155 i²eetritnte
303 2091 471 2174 praeditum
488 2113 499 2172 ;
524 2111 615 2173 porro
624 2089 927 2172 animumfincerum‚
949 2091 1013 2155 veri
1031 2091 1094 2157 stu·

140 2188 365 2272 dirfisiimuriu
387 2194 583 2274 modestum,
604 2196 686 2259 nulia
706 2192 782 2260 lucri
797 2196 963 2275 cupiditate
984 2198 1094 2280 abrep-

141 2308 237 2377 tum,
261 2297 369 2379 pium,
390 2300 500 2365 fortem
523 2315 555 2365 et
576 2299 770 2364 cordianum.
815 2298 857 2363 Iis
879 2298 972 2363 inerit
994 2298 1094 2381 Spiri-

142 2414 203 2467 ms
221 2401 284 2469 Dei
304 2403 505 2485 Christique,
527 2402 600 2483 qui,
623 2402 739 2483 quippe
761 2401 902 2480 sanctus,
923 2405 962 2468 ad
984 2402 1094 2467 suncti-

140 2516 240 2573 mtem
258 2526 313 2571 eos
326 2508 503 2573 adducebat.
547 2507 753 2573 Christum
769 2504 823 2570 fibi
838 2507 881 2571 ob
898 2509 1008 2571 oculos
1020 2506 1094 2587 pre'-

139 2612 306 2691 ponebant
318 2610 591 2688 conservatorem,
611 2611 790 2686 doctorem,
811 2609 991 2690 deminum,
1014 2610 1095 2677 iudi·

139 2728 237 2793 terti,
257 2728 291 2781 et
312 2718 352 2782 ad
373 2716 451 2782 Eius
476 2716 644 2794 exemplum
666 2730 783 2775 ornnem
802 2711 925 2775 vivendi
941 2711 1093 2777 rationem

140 2834 338 2900 componere
352 2819 540 2886 studuerunt.
581 2817 618 2880 In
634 2816 726 2878 rebus
742 2813 861 2892 quidem
879 2813 1005 2878 minoris
1026 2822 1095 2879 mo'-

139 2921 247 2987 menti
268 2922 384 2989 diverse
413 2921 540 3003 agebant
571 2938 629 2999 pro
652 2916 769 2981 diversa
793 2918 945 2999 cuiusque
968 2918 1092 2999 indoie;

143 3025 292 3094 tmiverie
304 3046 377 3095 vero
391 3028 500 3091 eedem
515 3022 616 3088 animo
631 3023 836 3103 ducebantur,
859 3022 1094 3106 quippeomnes

146 3139 185 3205 in
206 3142 392 3211 iisdem'iere
408 3160 505 3207 rerum
529 3135 747 3213 περιστάσεσιν
770 3153 855 3205 erant
877 3138 1036 3217 collocati,
1058 3152 1093 3203 et

143 3246 304 3317 micitiee
315 3252 392 3315 inter
406 3246 435 3313 ie
448 3248 573 3313 vinculo
590 3244 761 3309 coniuncti.

142 3372 153 3383 ·
189 3350 406 3437 Hisce-igitur
423 3350 496 3417 ritis
520 3348 620 3415 divine
634 3350 695 3414 ‹usa
720 3363 768 3413 est
792 3346 1006 3422 Providentia,
1034 3341 1092 3425 qui

144 3440 242 3523 Sncrn
254 3458 425 3527 Christiane
444 3472 625 3539 magnopere
642 3454 802 3533 depravata
819 3452 1021 3520 emendarent.
1053 3449 1092 3515 In

147 3580 189 3629 eo
202 3578 302 3631 nutem
317 3566 441 3633 euniem
457 3562 542 3629 etium
559 3557 714 3640 providam
725 3555 783 3622 Dei
798 3575 899 3622 euram
913 3557 1092 3637 laudamus,

100 3724 107 3739 .
148 3676 230 3749 nme
243 3668 355 3743 heren
366 3686 519 3759 quemque
536 3661 625 3733 variis
639 3660 719 3728 vitre
736 3660 807 3729 fetis
823 3660 865 3727 ita
887 3659 1036 3742 instituit,
1057 3675 1092 3725 et
