2438 4426
567 287 691 370 (100
732 288 757 373 )·

199 466 345 559 Quisque
364 472 446 538 euim
461 456 608 539 nouarum
626 491 726 538 rerum
742 472 886 555 cupidine
903 474 1034 554 ductus,
1052 474 1149 561 spon-

199 593 232 655 te
248 576 296 644 ilia
315 576 369 644 srbi
383 577 509 660 legende
528 576 674 645 sumebat.
718 579 780 644 Cui
797 598 870 644 vero
886 579 1060 662 Religionis
1073 592 1149 647 eeu·

201 683 345 750 securae
373 695 459 760 erat,
491 682 517 746 is
554 683 610 746 iliis
634 683 847 760 pervolvendis
883 684 981 750 libens
1007 683 1148 767 induige-

202 792 266 856 bat.
309 787 404 873 Quod
423 807 462 850 eo
481 786 578 868 magis
592 787 852 868 promovebatur,
874 809 944 853 curn
968 791 1039 854 artis
1056 795 1148 872 typo-¹

201 892 363 975 graphicae
388 908 450 971 ope
478 888 594 968 ubique
616 887 840 971 spargerentur.
894 893 1045 981 Quamvis
1071 898 1148 959 vero¹

200 997 300 1064 omnia
323 995 499 1060 festinanter
528 990 586 1056 srnt
608 991 800 1075 conscripta,
821 998 872 1061 vei
895 997 933 1064 fic
952 1016 1051 1064 tamen
1075 1014 1149 1062 curu

197 1115 467 1182 argumentorum,
488 1116 567 1176 qnae
593 1099 774 1180 continent,
796 1102 964 1182 gravitate,
986 1093 1052 1166 tum
1077 1101 1150 1166 seriss

197 1202 286 1269 bendi
304 1201 419 1265 ratione
434 1199 580 1283 simplici,
601 1203 751 1284 dssucida,
774 1204 904 1284 eleganti
921 1206 998 1286 (1),
1019 1205 1057 1267 ita
1076 1208 1151 1269 sunt

196 1319 387 1385 conparata,
409 1319 444 1370 ut
466 1306 645 1388 quicunque
664 1308 695 1371 in
719 1326 752 1371 ea
777 1305 934 1388 inciderit,
955 1323 1020 1371 non
1038 1305 1151 1386 posset

195 1430 260 1478 non
276 1409 360 1476 hisce
375 1408 463 1476 suum
478 1410 603 1475 adiicere
616 1413 775 1478 calculum.

238 1516 323 1582 Varii
338 1516 615 1599 argumenti'libros
637 1515 856 1599 Zuinglius
884 1515 1027 1581 confecit.
1066 1516 1148 1582 Sunt

126 1621 137 1626 ”
198 1622 276 1688 enirn
304 1629 444 1702 (praeter
471 1621 626 1706 epistolas)
651 1619 837 1685 didascalica
863 1635 894 1684 et
918 1626 1145 1708 paraenetica,

189 1727 359 1814 polimina,
381 1728 554 1808 exegetica,
591 1723 682 1808 Quos
697 1741 802 1789 omnes
820 1725 973 1791 recensere
990 1745 1053 1792 non
1070 1745 1146 1808 pos·

195 1831 318 1910 furnus3
342 1849 359 1895 e
385 1829 541 1912 prioribus
561 1845 684 1909 autem,
716 1848 793 1910 quae
819 1830 973 1911 diximus,
1003 1848 1148 1913 quaeque

192 1950 334 2002 nostram
346 1933 537 2018 potissumum
552 1933 584 1999 in
599 1934 715 2001 causam
725 1937 1005 2020 valent,imprimis
1019 1937 1145 2004 notandi

196 2042 360 2110 videntur:
647 2050 651 2061 ⁴

239 2147 290 2213 Dc
301 2147 417 2212 delecta
433 2157 461 2208 et
478 2144 571 2211 libero
586 2146 722 2211 ciborum
739 2144 811 2227 esa,
833 2146 871 2213 de
882 2142 1059 2230 offendicula
1073 2149 1144 2211 item

200 2267 230 2321 et
244 2252 391 2335 scandala
410 2251 497 2327 liber.
833 2242 837 2252 '
1094 2239 1096 2243 ¹

240 2361 302 2425 Pia
323 2372 352 2422 at
371 2352 472 2420 amica
486 2357 661 2441 paraenesis
680 2354 729 2422 ad
749 2354 977 2436 uetustisstmam
1005 2353 1145 2436 Saitanss-

200 2489 251 2531 am
272 2463 512 2550 rempublicam,
534 2474 569 2524 at
584 2464 762 2548 principum
785 2461 937 2523 amicitias
957 2470 987 2520 ct
1006 2455 1144 2539 infidiasa

198 2556 440 2653 alienigenarum
461 2586 593 2631 manera
611 2576 730 2632 careat.

238 2673 350 2738 Amica
371 2685 407 2736 er·
429 2675 486 2758 pia
503 2670 696 2758 paraenesi,
725 2666 770 2732 ad
792 2686 974 2731 commanem
991 2663 1145 2733 Heluetia-

194 2801 266 2846 ram
286 2781 442 2844 ciuitatem
456 2777 601 2863 scripta:
624 2793 662 2838 ne
688 2772 877 2853 euangelicae
897 2770 1051 2836 doctrinae
1076 2789 1156 2865 curs,

195 2882 262 2949 sunt
284 2878 468 2962 impediant,
491 2900 549 2946 nec
577 2876 667 2945 licitis
694 2876 878 2942 sacerdotum
900 2872 1063 2940 connubiis
1084 2873 1143 2940 sese

198 2974 313 3055 offendi
336 2985 500 3066 potiantur.

222 3094 290 3168 ·De
308 3089 491 3155 certitudine
512 3105 542 3155 et
561 3090 713 3157 claritate
734 3083 819 3156 verbi·
838 3083 902 3151 Dei
922 3083 1001 3151 liber
1021 3106 1113 3151 ranas.
1156 3156 1160 3165 ‚

227 3192 292 3268 'De
311 3190 514 3297 Prouidentia
534 3195 607 3262 Dei.
1093 3292 1126 3357 D

1128 3311 1143 3355 c

236 3567 290 3650 (Ι)
309 3543 518 3630 Observandum
541 3582 583 3628 “t
596 3609 605 3638 ’
623 3567 739 3643 Plurima
758 3564 1069 3639 Z¹2¹i¹¹gliiscril³tu
1086 3537 1164 3620 sures

195 3663 607 3749 tLeoneJuda,'five
637 3679 653 3720 e
687 3661 930 3743 Guattherp
961 3663 989 3722 in
1023 3661 1167 3734 lingnam,

197 3763 328 3825 Latinam
347 3761 401 3838 esse.
414 3756 549 3836 conversa.
604 3755 620 3862 Ἰ
