2438 4426
591 276 782 365 (17⁸)

209 471 370 547 terariam,
387 463 626 551 aeclesiasticam.
670 467 751 537 Hinc
772 467 810 535 ab
832 484 870 531 eo
893 461 976 545 iude*
989 474 1154 547 tempore,

212 595 277 657 quo
299 569 639 654 poliueam‘tibenatem
650 566 989 645 vindicatastaderent,
1011 565 1080 632 illae
1096 586 1156 648 po-

209 680 356 745 tissmium
369 691 469 759 gentes
486 678 675 757 protulerunt
689 669 939 750 Reformatorem
958 670 1155 738 Hierarchiae

210 776 449 866 iugum'diutius
469 777 548 843 ieme
564 776 750 853 noluerunt,
771 772 1154 858 testamenmentum,

209 886 349 971 profiteri
364 886 447 950 haud
455 879 1052 966 amptuepotuematdoctrimmittam,
1075 881 1156 946 Hie·

210 990 340 1058 tarchiae
363 1003 393 1052 et
410 984 627 1069 superstitionis
651 1003 710 1067 ope
730 983 942 1064 depravatam,
964 984 1080 1067 ibique
1096 986 1155 1053 diu

172 1174 175 1179 ¹
210 1091 701 1175 reconditosapetirestuduettmt
712 1086 978 1179 opuuoeduiaae
990 1090 1153 1173 sapientiae

209 1199 389 1274 thesauros,
412 1197 606 1263 CodicemS.
628 1226 666 1242 -
688 1191 838 1258 Miramur
850 1194 1154 1278 autem,saepiss1me

208 1305 248 1370 ab
264 1301 388 1382 optimis
404 1301 491 1365 ctiam
510 1298 688 1368 auctoribus
698 1295 729 1367 in
743 1315 781 1361 eo
788 1297 929 1391 peccari,
951 1296 1154 1383 quadratu:

208 1385 346 1483 francae,
377 1423 453 1485 quae
475 1403 553 1469 inter
579 1420 686 1487 gentes
707 1399 776 1464 illas
797 1400 992 1489 Germanicas
1019 1404 1159 1488 exstitit,

209 1506 479 1577 commutationem
496 1525 534 1571 cx
546 1525 604 1573 una
613 1505 743 1572 Saxouia
751 1504 899 1591 originem
911 1506 1029 1575 duxisse
1046 1509 1152 1577 dicere

209 1615 335 1681 soleant.
380 1612 482 1699 Quid,
505 1613 589 1698 quod
605 1609 635 1675 iu
651 1608 770 1693 egregia
786 1609 1065 1683 suaDisserta'tione
1085 1602 1158 1701 ipse*

208 1715 370 1783 Viliers
370 1716 379 1779 i
388 1736 431 1781 us
469 1715 506 1778 de
546 1713 776 1802 Reformationa
806 1732 896 1796 agens
937 1700 1156 1808 Latberana}

208 1828 273 1888 iton
288 1839 376 1886 unam
393 1820 531 1900 hancce„
548 1819 688 1887 strictiori
710 1817 795 1887 seusu
811 1818 958 1907 summm,
969 1822 1019 1888 'ob
1039 1824 1153 1889 oculos'

206 1918 358 1993 habuerit.
402 1927 478 1991 Non
494 1944 661 2009 negamus,
683 1925 889 1995 Luthetauam
909 1926 993 1993 illam
1004 1928 1151 1995 maiorem

206 2028 239 2098 in
257 2047 362 2116 gentes
382 2032 562 2113 Europaeas.
575 2028 732 2096 exseruisse
749 2030 830 2111 vim;
851 2052 957 2098 verum
971 2051 1034 2098 non
1048 2032 1153 2101 omnis

208 2126 422 2215 Reformatio,
444 2135 570 2219 quaein
596 2139 721 2216 Europa
738 2134 882 2216 invainit,
906 2156 923 2202 e
948 2135 1079 2201 Saxonia·
1100 2153 1152 2199 re·

208 2241 338 2324 peteuda
351 2252 415 2320 est,
437 2253 471 2303 ut
489 2257 550 2305 uno
568 2238 649 2304 iilius
666 2234 787 2305 nomine
801 2254 901 2305 mente
917 2240 1039 2322 concipi
1052 2237 1151 2321 posiit

209 2334 243 2412 ac
259 2345 376 2410 debeat.
420 2342 583 2425 Duplicem
602 2364 674 2410 vero
689 2343 745 2408 rite
768 2343 982 2427 distinguimus
999 2343 1029 2407 in
1045 2344 1150 2411 Euro·

208 2467 247 2532 pa
262 2449 350 2513 Sacc.
369 2448 454 2515 XVI.
472 2447 758 2522 Reformationcm,
779 2446 989 2513 Germanicam
1005 2448 1149 2529 alteram,

207 2555 330 2618 altcmm
350 2553 554 2620 Helveticam.
591 2554 707 2621 Prodiit
729 2552 843 2617 scilicet
867 2554 1020 2618 emendata
1036 2551 1152 2635 Sacro·

208 2648 275 2720 rum
300 2657 378 2717 ratio
403 2655 434 2716 in
451 2657 615 2721 Germania
630 2674 700 2720 cum
714 2653 879 2732 superiori,
902 2668 966 2719 tum
993 2652 1153 2743 ittfetioti.'

210 2755 340 2852 jfeltii
354 2756 488 2835 posteri,
510 2757 560 2820 sua
575 2759 697 2837 propria
717 2755 749 2820 vi
766 2754 908 2835 excitati,
929 2739 993 2822 rem
1010 2768 1151 2825 commu·

209 2860 321 2925 iiiitmt.
342 2860 346 2867 ’
365 2859 411 2924 Et'
430 2856 487 2922 srtu
506 2858 645 2940 quidem,
673 2858 799 2941 indole,
818 2860 957 2927 moribus
979 2862 1042 2945 apti
1065 2876 1150 2933 erant

199 2968 273 3046 iili,
296 2965 348 3048 qui
364 2962 417 3047 ipsi
437 2957 696 3030 Refonit'ationem
719 2958 1012 3050 commoerenticf.
1030 2967 1065 3032 P.
1086 2967 1147 3051 L).

209 3075 315 3153 Itaque
341 3091 411 3138 cum
439 3090 476 3135 ex
497 3070 635 3137 Helvetia
647 3086 752 3161 ,ntum
779 3069 947 3137 esmona
972 3071 1047 3136 idem
1072 3072 1150 3136 illud

209 3180 342 3261 gentium
356 3174 534 3242 desiderium
547 3175 583 3238 ad
592 3190 724 3241 caeteras
740 3193 843 3258 gentes
853 3175 1019 3258 processit,
1030 3167 1148 3240 eadem·

210 3304 271 3365 que
295 3285 334 3351 de.
355 3281 448 3344 rebus
472 3279 560 3352 sactis
584 3279 737 3361 cogitandi
751 3279 959 3362 sattieudique
977 3281 1055 3355 ratio
1072 3298 1148 3362 pro-

207 3400 313 3472 pagata
328 3399 415 3457 est„
777 3446 781 3455 ,

249 3491 391 3568 Namque
414 3499 539 3573 utraque
567 3485 616 3551 illa
637 3505 700 3552 non
727 3488 946 3573 aequiparanda
972 3501 1019 3553 est
1033 3485 1145 3552 Refor-

208 3592 353 3671 matioui,
384 3591 461 3671 quae
483 3589 515 3652 in
536 3583 665 3677 Beigto,
695 3594 727 3659 in
749 3593 881 3676 Angiia,
911 3590 1080 3672 in'Dnnia,
1113 3592 1145 3658 in

208 3694 321 3757 Suevia‘
333 3693 477 3758 obtinuit.
522 3692 627 3760 Rivuii
642 3697 722 3761 enim
746 3696 836 3774 sunt,
858 3693 897 3760 eri
912 3695 988 3760 istis·
1002 3694 1144 3762 fontibus

206 3798 340 3864 deducti.
384 3799 509 3867 Scilicet
531 3816 698 3887 postquam
720 3801 778 3872 iam
804 3801 895 3867 Sacra
924 3800 1081 3864 emendare
1097 3800 1156 3863 fn„

218 3918 222 3924 ·
459 3920 462 3925 ·
1092 3918 1143 3968 ce-
