2438 4426
524 279 687 365 (80)

131 476 165 531 et
184 460 335 544 insanire,
356 480 423 531 non
442 462 582 547 equidem
602 480 711 546 negare
733 465 871 549 poteris,
894 465 1025 536 limodo
1040 467 1079 535 li·

131 569 222 637 brum
244 585 359 650 tuum,
380 586 474 652 quem
493 582 528 635 tu
548 566 609 651 ipsc
628 567 854 650 conscripsisti,
887 571 991 654 probe¹
1009 584 1080 656 perss

132 671 256 759 legeris.
310 672 412 739 Tanta
443 672 525 739 euim
543 670 748 738 convitiorum
769 675 856 756 copia
877 692 907 741 et
928 681 1082 761 perversa·

134 796 205 845 rum
226 777 406 862 opinionum
427 775 589 857 multitudo
609 794 646 839 ex
665 773 819 841 charitatis
839 777 927 845 fonte
958 797 988 847 et
1016 786 1082 850 dlli-

136 883 223 967 geuti
259 880 349 946 animi
376 876 622 961 consyderatione
652 882 702 945 vel
729 872 946 962 praemeditato
982 886 1082 995 lludio

135 984 290 1072 proficisci
310 1000 376 1048 non
394 981 522 1063 potest”
542 984 613 1066 (1).
919 1042 921 1047 .

177 1092 215 1158 In
242 1104 336 1153 unum
367 1084 603 1168 Zuinglium
631 1083 731 1149 omnis
759 1088 879 1169 generis
911 1096 985 1159 mala
1007 1112 1083 1161 con·

134 1189 456 1267 eumuevidebantur,
478 1187 713 1271 quorumillud‚
736 1193 896 1272 quodiam
912 1214 1083 1261 memoran-

134 1290 208 1363 dum
227 1304 296 1371 eat,
316 1290 437 1363 tandem
459 1290 486 1356 ei
505 1280 634 1371 mortem
663 1289 774 1358 affecit.
812 1282 815 1287 ’
839 1295 961 1363 Scilicet
983 1299 1081 1381 Tigu-

135 1414 204 1464 rum
223 1395 304 1462 inter
323 1408 354 1460 et
372 1408 503 1460 caeteras
524 1393 659 1460 civitates
680 1394 717 1460 ab
738 1398 856 1479 aliquot
875 1400 932 1464 iam
950 1401 1081 1467 indean-

136 1501 190 1589 nis¹
218 1519 289 1568 cum
311 1499 451 1585 politicas
472 1501 512 1565 ob
534 1486 664 1580 causas,
693 1513 758 1565 tum
787 1516 913 1585 propter
943 1504 1083 1588 Religio.-

136 1620 232 1691 nem,
254 1596 570 1687 disiidia'nrffiteraut.
613 1604 694 1670 Mox
714 1600 814 1669 autem
836 1609 974 1689 quinque
996 1608 1083 1676 Civi-

137 1720 236 1785 tateS,
257 1706 486 1783 nucariensis,
506 1705 661 1784 Urieni'rs,
682 1706 850 1790 Suitenfis,
868 1710 1083 1777 Untervallen·

136 1808 389 1890 mongum,
410 1808 629 1876 foedussecum
638 1810 763 1876 invicem
774 1812 1002 1896 inierunt,quo
1010 1832 1084 1880 con·

137 1913 326 1993 ffitueban't,
345 1914 453 1979 avlam
472 1912 535 1979 esse
562 1913 748 1980 retinendam
769 1918 975 2000 tuendamque
1000 1919 1085 1989 Reli,

139 2002 285 2103 sionem(
319 2016 525 2084 Formidinem
541 2016 601 2082 hoc
622 2018 727 2083 iniecit
736 2019 895 2104 Tigurinis
910 2039 941 2087 et
948 2022 1086 2095 Bernati·

139 2124 221 2204 bus,
243 2122 318 2204 qui,
339 2140 410 2203 quo
424 2122 486 2186 vim
507 2122 539 2187 vi
559 2124 758 2205 repellerent,
778 2121 891 2192 foedus
912 2125 1011 2194 lecum
1040 2127 1087 2193 iu·

140 2228 240 2295 vicem
261 2226 360 2291 itidem
383 2240 608 2291 contraxerunt.
646 2229 820 2307 Coeperant
833 2245 931 2294 autem
950 2230 1016 2296 illae
1034 2231 1087 2297 hic

140 2333 204 2400 illic
239 2329 420 2399 reformatos
453 2348 582 2405 vexare,
617 2344 697 2408 quos
732 2327 904 2411 profugos,
945 2333 1087 2399 suadente

141 2434 362 2519 Zuinglio,
383 2429 528 2499 libensin
547 2431 672 2495 tutelam
694 2431 809 2512 recepit
835 2433 941 2500 civitas
963 2436 1092 2524 Τῑςιιτί·ΙΙ

140 2554 193 2615 na.
235 2537 319 2605 Hinc
338 2539 410 2601 lites
436 2537 562 2601 obortae
588 2532 658 2599 snut
685 2532 891 2618 gravisfimae,
922 2557 999 2619 quae
1020 2552 1086 2603 tan·

141 2643 209 2709 dem
230 2643 349 2707 bellum
378 2641 557 2708 excitarunt.
617 2639 733 2701 Verum
754 2634 890 2715 illarum,
914 2661 992 2722 quae
1012 2658 1085 2707 neu.

142 2744 197 2812 tria
217 2744 361 2812 favebant
386 2746 544 2827 partibus,
573 2741 740 2810 civitatum
761 2760 821 2821 ope
850 2761 910 2827 pax
938 2747 1087 2813 continuo

140 2842 308 2931 composrta
328 2844 449 2915 estd.
482 2847 609 2928 aslum.
637 2863 726 2924 1529.
789 2846 834 2910 At
856 2867 928 2937 veru
950 2867 1012 2914 nou
1033 2849 1087 2916 diu

143 2968 219 3040 post
238 2953 330 3018 animi
350 2952 456 3018 iterum
478 2949 622 3017 commoti
644 2931 723 3013 suut.
777 2947 955 3030 'ligurini
947 2950 1038 3031 igitur
1057 2965 1088 3016 et

146 3060 312 3138 Berones,
334 3055 531 3136 Zuiuglio
559 3053 630 3120 licet
658 3070 749 3133 quam
769 3052 896 3119 matime
916 3053 1089 3120 dissuaden-

145 3177 200 3243 te,
227 3162 307 3228 locis
333 3158 476 3226 omnibus
503 3157 663 3241 occupatis
683 3171 775 3239 atque
795 3155 979 3223 claustris
950 3179 1089 3243 viarum,

146 3278 188 3335 ne
217 3270 296 3352 quid⁵
320 3271 359 3337 ad
385 3283 516 3335 caeteras
543 3263 691 3335 Civitates
711 3261 913 3329 deveheretur
931 3262 1090 3343 alimenti,

144 3374 382 3455 prohibuerunt.
430 3370 553 3438 Interim
585 3366 816 3449 quamplurimi
844 3366 877 3430 in
906 3365 1091 3449 Zuingli·

146 3493 212 3563 uam
233 3475 341 3540 acriter
362 3474 483 3540 invecti·
495 3471 584 3555 sunt,
604 3489 735 3551 eumque
756 3468 827 3536 belli
841 3484 1015 3547 auctorem,
1037 3488 1091 3550 pa·

1019 3586 1091 3636 tuae

186 3711 244 3798 (ι)
270 3720 466 3797 zalnglll
504 3722 546 3782 aa
569 3694 752 3809 tutae-rr
783 3719 902 3791 orum,
930 3717 967 3776 ae
998 3714 1095 3812 sacra

151 3825 268 3891 nauto,
287 3815 420 3896 responssa.
433 3814 495 3895 Ὸῤ.
512 3816 551 3880 Τ.
568 3815 605 3879 11.
625 3830 654 3896 f·
668 3811 731 3891 378·
1011 3831 1015 3840 ¹
