2438 4426
560 321 662 404 (⁵2
703 319 724 404 l

187 507 381 576 tervallense's
396 506 524 576 formam
543 504 702 586 induerat,
723 507 979 575 accommodatam
996 508 1075 600 illam
1090 509 1131 576 aa

180 615 320 683 indolem
337 612 516 696 hominum,
535 622 657 678 montes
673 609 895 691 incolentium,
917 625 949 676 et
967 610 1132 696 Reipubli»

185 740 240 786 cae
267 720 394 786 maxime
421 717 528 786 studiis
550 716 787 798 indulgentium.
829 716 952 782 Deinde
973 716 1066 783 iidem
1086 717 1132 783 illi

188 824 330 890 homines
348 821 449 888 vivida
462 816 600 902 inprimis
611 818 762 905 phantasra
778 821 969 903 gaudebant,
992 833 1023 885 et
1039 820 1130 886 nebus

187 930 377 994 ducebantur
385 927 417 991 in
432 923 533 992 sensus
542 924 792 1005 incurrentibus,
813 944 848 989 ac
863 911 1057 1003 istiusmodi,
1077 941 1133 1006 pa·

185 1030 333 1098 storitiam
352 1043 451 1111 pura,
472 1029 595 1094 vivendi
621 1029 768 1094 rationem
793 1031 943 1120 agebant,
965 1049 1043 1108 quae
1066 1027 1131 1095 riti·

188 1136 250 1200 bus
274 1132 347 1198 soler
373 1146 405 1197 et
427 1133 621 1200 caerimoniis
646 1133 799 1201 delectari.
843 1133 945 1199 Porro
968 1152 1037 1197 cum
1063 1130 1132 1197 istis

187 1237 408 1318 caeremoniis,
430 1238 545 1320 quibus
563 1238 702 1307 Ecclefia
727 1237 866 1330 Romana
882 1236 1047 1318 conspicua
1063 1248 1128 1316 est,

187 1341 350 1410 arctissrme
360 1343 529 1410 coniuncta
552 1358 638 1409 erant
655 1340 798 1409 festallla
812 1340 850 1407 in·
861 1341 977 1408 beatam
987 1341 1133 1407 -virorum

188 1448 389 1530 memoriam,
410 1448 466 1532 qui
480 1447 593 1533 patriae
611 1447 776 1514 libertatem
790 1443 1007 1512 constituerant
1020 1458 1050 1510 et
1065 1444 1135 1508 vin·

189 1550 382 1629 dicaverant,
403 1549 559 1630 instituta,
580 1564 671 1632 atque
689 1549 720 1615 in
736 1550 821 1615 hisce
839 1548 981 1632 inprimis
1004 1548 1134 1615 ciuitati·

189 1657 270 1732 bus,
293 1655 324 1718 in
341 1654 455 1736 quibus
470 1654 605 1721 foederis
623 1653 776 1721 Helvetici
793 1655 868 1721 olim
881 1652 964 1718 initia
979 1653 1134 1718 habeban-

188 1771 258 1833 tur,
279 1757 413 1822 maximo
428 1758 535 1823 ardore
557 1757 745 1825 celebranda.
787 1758 960 1824 Praeterea
981 1772 1133 1840 pauperes

186 1861 231 1926 illi
249 1860 399 1927 montium
413 1861 529 1929 incolae
550 1864 587 1929 de
608 1861 805 1931 Hierarchiae
819 1861 894 1944 iugo
908 1875 939 1926 et
952 1857 1028 1925 varii
1043 1875 1135 1941 geae-

188 1967 234 2034 risw
254 1965 377 2032 tributis
399 1983 465 2033 non
491 1985 675 2052 magnopere
700 1967 788 2048 queri
815 1978 966 2049 poterant.
1010 1963 1134 2049 Quibus

191 2071 322 2158 denque
340 2069 477 2152 accedit,
494 2064 561 2139 'eos
580 2074 622 2139 de
646 2071 770 2155 ingenio
800 2071 969 2138 excolendo
999 2067 1136 2135 onmium

191 2175 317 2244 minime
329 2173 424 2242 fuisse
440 2175 606 2258 sollicitos,
628 2191 664 2241 et·
677 2177 848 2243 sacerdotes
864 2176 1024 2258 inprimis,
1045 2170 1136 2254 quip-

192 2299 232 2366 pe
255 2278 309 2361 qui
335 2278 459 2344 caeteris
483 2280 640 2344 doctiores
661 2279 868 2357 habebantur,
889 2293 1026 2358 magnam
1053 2277 1137 2344 exse-

193 2384 294 2449 ruisse
311 2381 373 2445 vim
389 2381 421 2446 in
438 2400 546 2447 eorum
572 2379 692 2446 confilia
716 2391 747 2449 et
766 2379 876 2461 agendi
895 2381 1044 2447 rationem
1066 2369 1149 2467 (1),

195 2485 308 2565 Neque
316 2482 405 2550 etiam
413 2483 630 2566 negligendum
640 2484 784 2564 videtur,
800 2485 963 2549 nonnullas
978 2486 1136 2564 civitates,

197 2587 271 2651 odio
293 2570 429 2652 incitatas
448 2586 596 2670 politico,
627 2587 826 2653 vehementer
856 2587 967 2654 alienas
983 2587 1090 2654 *fuisse
1119 2609 1138 2656 a

197 2689 229 2755 T
231 2689 592 2771 igurinorum'confiliis,
606 2693 692 2771 quod
703 2691 878 2758 monuimus
891 2696 968 2760 'c.,1.
987 2695 1005 2774 §
1019 2714 1050 2757 2.
1065 2694 1083 2757 (
1086 2695 1136 2777 2).

197 2789 376 2874 Saepissime
393 2806 495 2860 autem
519 2793 665 2877 coniungi
681 2808 713 2859 et
733 2793 883 2859 confundi
898 2795 1047 2861 factiones
1062 2795 1139 2860 civi·

196 2897 245 2962 les
270 2895 400 2978 litesque
421 2895 459 2962 de
484 2897 576 2964 rebus
598 2896 710 2978 sacris,
731 2896 843 2978 cuique
864 2916 903 2962 ex
920 2899 1059 2967 Historia
1081 2918 1138 2967 no·

196 3012 265 3069 tum
285 3013 344 3067 est.
381 3015 385 3022 '

238 3209 294 3291 (r)
314 3211 381 3272 Sunt
403 3211 466 3272 fere
484 3213 571 3273 rerba
592 3184 790 3284 villermi,
809 3212 840 3275 ll.
858 3166 887 3288 p.
908 3227 971 3288 ¹52·
989 3212 1030 3288 sq.
1112 3183 1115 3187 ⁷

238 3304 391 3382 (2)1dem
413 3307 482 3367 illud
509 3308 667 3372 observavit
692 3307 1019 3393 Hamelaveldius,
1036 3307 1140 3368 Iierkel.
1205 3334 1211 3345 ,

197 3397 291 3474 nesea
310 3399 352 3462 Tc
369 3402 438 3466 XX*
453 3418 485 3478 a·
502 3417 569 3480 ³77·
659 3459 662 3466 -
913 3440 915 3444 v

745 3550 751 3581 l
