<?xml version="1.0" encoding="UTF-8"?>
<!DOCTYPE html PUBLIC "-//W3C//DTD XHTML 1.0 Transitional//EN"
    "http://www.w3.org/TR/xhtml1/DTD/xhtml1-transitional.dtd">
<html xmlns="http://www.w3.org/1999/xhtml" xml:lang="en" lang="en">
 <head>
  <title>
</title>
<meta http-equiv="Content-Type" content="text/html;charset=utf-8" />
  <meta name='ocr-system' content='tesseract 3.04.00' />
  <meta name='ocr-capabilities' content='ocr_page ocr_carea ocr_par ocr_line ocrx_word'/>
</head>
<body>
  <div class='ocr_page' id='page_1' title='image "./deindolesacroru00tichgoog_0060.png"; bbox 0 0 2438 4426; ppageno 0'>
   <div class='ocr_carea' id='block_1_1' title="bbox 501 282 669 368">
    <p class='ocr_par' dir='ltr' id='par_1_1' title="bbox 501 282 669 368">
     <span class='ocr_line' id='line_1_1' title="bbox 501 282 669 368; baseline 0 0"><span class='ocrx_word' id='word_1_1' title='bbox 501 282 669 368; x_wconf 76' lang='lat'>(43)</span> 
     </span>
    </p>
   </div>
   <div class='ocr_carea' id='block_1_2' title="bbox 110 462 1063 762">
    <p class='ocr_par' dir='ltr' id='par_1_2' title="bbox 110 462 1063 762">
     <span class='ocr_line' id='line_1_2' title="bbox 110 462 1062 542; baseline -0.005 -1"><span class='ocrx_word' id='word_1_2' title='bbox 110 474 268 542; x_wconf 75' lang='lat' dir='ltr'><strong>citandam</strong></span> <span class='ocrx_word' id='word_1_3' title='bbox 292 470 555 538; x_wconf 82' lang='lat' dir='ltr'><strong>Reformatiooem</strong></span> <span class='ocrx_word' id='word_1_4' title='bbox 580 469 709 534; x_wconf 80' lang='lat' dir='ltr'><strong>valuisse</strong></span> <span class='ocrx_word' id='word_1_5' title='bbox 729 462 883 536; x_wconf 71' lang='lat' dir='ltr'><strong>feruntur.</strong></span> <span class='ocrx_word' id='word_1_6' title='bbox 925 471 970 536; x_wconf 78' lang='lat' dir='ltr'><strong>At</strong></span> <span class='ocrx_word' id='word_1_7' title='bbox 984 464 1062 537; x_wconf 74' lang='lat' dir='ltr'><strong>nero</strong></span> 
     </span>
     <span class='ocr_line' id='line_1_3' title="bbox 115 573 1062 658; baseline -0.004 -17"><span class='ocrx_word' id='word_1_8' title='bbox 115 627 138 658; x_wconf 86' lang='lat'><strong>„</strong></span> <span class='ocrx_word' id='word_1_9' title='bbox 152 578 249 641; x_wconf 88' lang='lat' dir='ltr'><strong>video</strong></span> <span class='ocrx_word' id='word_1_10' title='bbox 269 576 355 655; x_wconf 86' lang='lat' dir='ltr'><strong>qnod</strong></span> <span class='ocrx_word' id='word_1_11' title='bbox 368 573 519 642; x_wconf 81' lang='lat' dir='ltr'><strong>Ecckiiae</strong></span> <span class='ocrx_word' id='word_1_12' title='bbox 533 574 727 640; x_wconf 78' lang='lat' dir='ltr'><strong>Reformatio</strong></span> <span class='ocrx_word' id='word_1_13' title='bbox 744 590 900 655; x_wconf 86' lang='lat' dir='ltr'><strong>nunquam</strong></span> <span class='ocrx_word' id='word_1_14' title='bbox 928 574 983 656; x_wconf 79' lang='lat' dir='ltr'><strong>fiet</strong></span> <span class='ocrx_word' id='word_1_15' title='bbox 1004 587 1062 656; x_wconf 84' lang='lat' dir='ltr'><strong>per</strong></span> 
     </span>
     <span class='ocr_line' id='line_1_4' title="bbox 111 677 1063 762; baseline -0.008 -12"><span class='ocrx_word' id='word_1_16' title='bbox 111 680 298 750; x_wconf 80' lang='lat' dir='ltr'><strong>Concssium</strong></span> <span class='ocrx_word' id='word_1_17' title='bbox 327 678 390 745; x_wconf 79' lang='lat' dir='ltr'><strong>fine</strong></span> <span class='ocrx_word' id='word_1_18' title='bbox 411 679 607 762; x_wconf 83' lang='lat' dir='ltr'><strong>praefidentia</strong></span> <span class='ocrx_word' id='word_1_19' title='bbox 636 677 774 744; x_wconf 85' lang='lat' dir='ltr'><strong>doctoris</strong></span> <span class='ocrx_word' id='word_1_20' title='bbox 798 679 877 742; x_wconf 84' lang='lat' dir='ltr'><strong>bene</strong></span> <span class='ocrx_word' id='word_1_21' title='bbox 903 677 1063 758; x_wconf 75' lang='lat' dir='ltr'><strong>affectati,</strong></span> 
     </span>
    </p>
   </div>
   <div class='ocr_carea' id='block_1_3' title="bbox 112 780 1176 867">
    <p class='ocr_par' dir='ltr' id='par_1_3' title="bbox 112 780 1176 867">
     <span class='ocr_line' id='line_1_5' title="bbox 112 780 1176 867; baseline -0.004 -17"><span class='ocrx_word' id='word_1_22' title='bbox 112 784 281 867; x_wconf 84' lang='lat' dir='ltr'><strong>prudentis</strong></span> <span class='ocrx_word' id='word_1_23' title='bbox 291 782 639 850; x_wconf 58' lang='lat' dir='ltr'><strong>duduconnantts?</strong></span> <span class='ocrx_word' id='word_1_24' title='bbox 667 783 751 846; x_wconf 87' lang='lat' dir='ltr'>Vere</span> <span class='ocrx_word' id='word_1_25' title='bbox 764 782 827 846; x_wconf 85' lang='lat' dir='ltr'><strong>hoc</strong></span> <span class='ocrx_word' id='word_1_26' title='bbox 842 780 953 848; x_wconf 79' lang='lat' dir='ltr'><strong>dixisse</strong></span> <span class='ocrx_word' id='word_1_27' title='bbox 966 783 1065 848; x_wconf 86' lang='lat' dir='ltr'><strong>Ger·</strong></span> <span class='ocrx_word' id='word_1_28' title='bbox 1174 824 1176 828; x_wconf 93' lang='lat'>-</span> 
     </span>
    </p>
   </div>
   <div class='ocr_carea' id='block_1_4' title="bbox 113 887 1073 3754">
    <p class='ocr_par' dir='ltr' id='par_1_4' title="bbox 113 887 1073 3754">
     <span class='ocr_line' id='line_1_6' title="bbox 113 887 1063 975; baseline -0.002 -21"><span class='ocrx_word' id='word_1_29' title='bbox 113 889 249 955; x_wconf 81' lang='lat' dir='ltr'><strong>sonem</strong></span> <span class='ocrx_word' id='word_1_30' title='bbox 267 890 348 972; x_wconf 89' lang='lat'><strong>(1),</strong></span> <span class='ocrx_word' id='word_1_31' title='bbox 375 887 468 953; x_wconf 80' lang='lat' dir='ltr'><strong>uvel</strong></span> <span class='ocrx_word' id='word_1_32' title='bbox 495 891 644 970; x_wconf 81' lang='lat' dir='ltr'>quaedam</span> <span class='ocrx_word' id='word_1_33' title='bbox 655 887 828 975; x_wconf 82' lang='lat' dir='ltr'><strong>,Sacrorum</strong></span> <span class='ocrx_word' id='word_1_34' title='bbox 855 887 1063 968; x_wconf 77' lang='lat' dir='ltr'>Emendatio,</span> 
     </span>
     <span class='ocr_line' id='line_1_7' title="bbox 114 988 1064 1073; baseline 0 -15"><span class='ocrx_word' id='word_1_35' title='bbox 114 1013 189 1058; x_wconf 87' lang='lat' dir='ltr'>vere</span> <span class='ocrx_word' id='word_1_36' title='bbox 205 994 247 1057; x_wconf 90' lang='lat' dir='ltr'><strong>ita</strong></span> <span class='ocrx_word' id='word_1_37' title='bbox 264 993 368 1071; x_wconf 86' lang='lat' dir='ltr'><strong>dieta,</strong></span> <span class='ocrx_word' id='word_1_38' title='bbox 388 1011 406 1056; x_wconf 87' lang='lat' dir='ltr'><strong>a</strong></span> <span class='ocrx_word' id='word_1_39' title='bbox 426 991 571 1058; x_wconf 85' lang='lat' dir='ltr'>Concilio</span> <span class='ocrx_word' id='word_1_40' title='bbox 589 994 723 1073; x_wconf 89' lang='lat' dir='ltr'><strong>quodam</strong></span> <span class='ocrx_word' id='word_1_41' title='bbox 743 988 882 1072; x_wconf 86' lang='lat' dir='ltr'><strong>potuerit</strong></span> <span class='ocrx_word' id='word_1_42' title='bbox 898 991 1064 1072; x_wconf 85' lang='lat' dir='ltr'><strong>aliquando</strong></span> 
     </span>
     <span class='ocr_line' id='line_1_8' title="bbox 115 1095 1064 1179; baseline 0.002 -16"><span class='ocrx_word' id='word_1_43' title='bbox 115 1096 283 1178; x_wconf 81' lang='lat' dir='ltr'><strong>conditui,</strong></span> <span class='ocrx_word' id='word_1_44' title='bbox 310 1115 352 1162; x_wconf 86' lang='lat' dir='ltr'><strong>ex</strong></span> <span class='ocrx_word' id='word_1_45' title='bbox 377 1096 515 1164; x_wconf 82' lang='lat' dir='ltr'>Historia</span> <span class='ocrx_word' id='word_1_46' title='bbox 540 1098 664 1162; x_wconf 82' lang='lat' dir='ltr'><strong>diorum</strong></span> <span class='ocrx_word' id='word_1_47' title='bbox 686 1095 917 1174; x_wconf 79' lang='lat' dir='ltr'><strong>conciliorum,</strong></span> <span class='ocrx_word' id='word_1_48' title='bbox 948 1097 1064 1179; x_wconf 73' lang='lat' dir='ltr'><strong>quum</strong></span> 
     </span>
     <span class='ocr_line' id='line_1_9' title="bbox 114 1201 988 1284; baseline -0.007 -14"><span class='ocrx_word' id='word_1_49' title='bbox 114 1201 255 1270; x_wconf 86' lang='lat' dir='ltr'><strong>Pisanum</strong></span> <span class='ocrx_word' id='word_1_50' title='bbox 271 1202 312 1268; x_wconf 86' lang='grc' dir='ltr'><strong>ΙΙ.</strong></span> <span class='ocrx_word' id='word_1_51' title='bbox 329 1201 558 1284; x_wconf 87' lang='lat' dir='ltr'><strong>adiungendum</strong></span> <span class='ocrx_word' id='word_1_52' title='bbox 575 1214 644 1280; x_wconf 88' lang='lat' dir='ltr'><strong>est,</strong></span> <span class='ocrx_word' id='word_1_53' title='bbox 666 1201 793 1265; x_wconf 86' lang='lat' dir='ltr'><strong>omnino</strong></span> <span class='ocrx_word' id='word_1_54' title='bbox 810 1214 907 1280; x_wconf 84' lang='lat' dir='ltr'><strong>patet.</strong></span> <span class='ocrx_word' id='word_1_55' title='bbox 984 1212 988 1219; x_wconf 87' lang='lat'>&#39;</span> 
     </span>
     <span class='ocr_line' id='line_1_10' title="bbox 158 1304 1065 1388; baseline 0.002 -17"><span class='ocrx_word' id='word_1_56' title='bbox 158 1304 325 1371; x_wconf 76' lang='lat' dir='ltr'><strong>Pontifices</strong></span> <span class='ocrx_word' id='word_1_57' title='bbox 336 1306 572 1373; x_wconf 78' lang='lat' dir='ltr'><strong>Avenioneuses</strong></span> <span class='ocrx_word' id='word_1_58' title='bbox 586 1323 651 1375; x_wconf 93' lang='lat' dir='ltr'><strong>non</strong></span> <span class='ocrx_word' id='word_1_59' title='bbox 660 1324 846 1388; x_wconf 79' lang='lat' dir='ltr'>magnopere</span> <span class='ocrx_word' id='word_1_60' title='bbox 857 1307 1014 1372; x_wconf 80' lang='lat' dir='ltr'><strong>valuerant</strong></span> <span class='ocrx_word' id='word_1_61' title='bbox 1025 1307 1065 1373; x_wconf 85' lang='lat' dir='ltr'><strong>ad</strong></span> 
     </span>
     <span class='ocr_line' id='line_1_11' title="bbox 115 1410 1067 1493; baseline 0.001 -17"><span class='ocrx_word' id='word_1_62' title='bbox 115 1410 352 1493; x_wconf 74' lang='lat' dir='ltr'><strong>confirmandam</strong></span> <span class='ocrx_word' id='word_1_63' title='bbox 374 1410 464 1477; x_wconf 85' lang='lat' dir='ltr'><strong>Sedis</strong></span> <span class='ocrx_word' id='word_1_64' title='bbox 488 1412 687 1493; x_wconf 76' lang='lat' dir='ltr'><strong>Apostolicae</strong></span> <span class='ocrx_word' id='word_1_65' title='bbox 711 1411 945 1492; x_wconf 80' lang='lat' dir='ltr'><strong>auctoritatem3</strong></span> <span class='ocrx_word' id='word_1_66' title='bbox 966 1426 999 1476; x_wconf 91' lang='lat' dir='ltr'><strong>et</strong></span> <span class='ocrx_word' id='word_1_67' title='bbox 1012 1431 1067 1477; x_wconf 82' lang='lat' dir='ltr'><strong>ve-</strong></span> 
     </span>
     <span class='ocr_line' id='line_1_12' title="bbox 116 1513 1065 1597; baseline 0.002 -17"><span class='ocrx_word' id='word_1_68' title='bbox 116 1536 156 1580; x_wconf 88' lang='lat' dir='ltr'><strong>ro</strong></span> <span class='ocrx_word' id='word_1_69' title='bbox 178 1513 301 1594; x_wconf 77' lang='lat' dir='ltr'><strong>sciaena,</strong></span> <span class='ocrx_word' id='word_1_70' title='bbox 319 1517 411 1597; x_wconf 82' lang='lat' dir='ltr'><strong>quod</strong></span> <span class='ocrx_word' id='word_1_71' title='bbox 437 1518 547 1584; x_wconf 90' lang='lat' dir='ltr'><strong>deinde</strong></span> <span class='ocrx_word' id='word_1_72' title='bbox 571 1517 728 1593; x_wconf 80' lang='lat' dir='ltr'>obtinuit,</span> <span class='ocrx_word' id='word_1_73' title='bbox 748 1515 916 1583; x_wconf 81' lang='lat' dir='ltr'><strong>Ecclefiam</strong></span> <span class='ocrx_word' id='word_1_74' title='bbox 940 1515 1065 1596; x_wconf 79' lang='lat' dir='ltr'><strong>pmitm</strong></span> 
     </span>
     <span class='ocr_line' id='line_1_13' title="bbox 117 1618 1066 1704; baseline 0 -20"><span class='ocrx_word' id='word_1_75' title='bbox 117 1618 298 1684; x_wconf 74' lang='lat' dir='ltr'>labefactare</span> <span class='ocrx_word' id='word_1_76' title='bbox 314 1619 487 1686; x_wconf 90' lang='lat' dir='ltr'><strong>videbatur.</strong></span> <span class='ocrx_word' id='word_1_77' title='bbox 531 1622 709 1688; x_wconf 85' lang='lat' dir='ltr'>Concilium</span> <span class='ocrx_word' id='word_1_78' title='bbox 724 1622 864 1687; x_wconf 78' lang='lat' dir='ltr'><strong>Pisanum</strong></span> <span class='ocrx_word' id='word_1_79' title='bbox 878 1620 905 1685; x_wconf 93' lang='grc' dir='ltr'><strong>Ι.</strong></span> <span class='ocrx_word' id='word_1_80' title='bbox 923 1623 1066 1704; x_wconf 87' lang='lat'><strong>(1409),</strong></span> 
     </span>
     <span class='ocr_line' id='line_1_14' title="bbox 120 1722 1068 1808; baseline 0.001 -20"><span class='ocrx_word' id='word_1_81' title='bbox 120 1725 207 1804; x_wconf 86' lang='lat' dir='ltr'><strong>quod</strong></span> <span class='ocrx_word' id='word_1_82' title='bbox 245 1724 400 1791; x_wconf 82' lang='lat' dir='ltr'><strong>Ecclefiae</strong></span> <span class='ocrx_word' id='word_1_83' title='bbox 433 1746 536 1807; x_wconf 83' lang='lat' dir='ltr'><strong>pacem</strong></span> <span class='ocrx_word' id='word_1_84' title='bbox 571 1727 778 1808; x_wconf 86' lang='lat' dir='ltr'><strong>componendi</strong></span> <span class='ocrx_word' id='word_1_85' title='bbox 821 1726 929 1793; x_wconf 87' lang='lat' dir='ltr'><strong>habuit</strong></span> <span class='ocrx_word' id='word_1_86' title='bbox 970 1722 1068 1790; x_wconf 81' lang='lat' dir='ltr'><strong>confi-</strong></span> 
     </span>
     <span class='ocr_line' id='line_1_15' title="bbox 117 1827 1067 1905; baseline -0.001 -12"><span class='ocrx_word' id='word_1_87' title='bbox 117 1829 219 1905; x_wconf 86' lang='lat' dir='ltr'><strong>lium,</strong></span> <span class='ocrx_word' id='word_1_88' title='bbox 246 1829 376 1894; x_wconf 88' lang='lat' dir='ltr'><strong>caeteris</strong></span> <span class='ocrx_word' id='word_1_89' title='bbox 401 1830 525 1896; x_wconf 88' lang='lat' dir='ltr'><strong>tertium</strong></span> <span class='ocrx_word' id='word_1_90' title='bbox 548 1831 662 1898; x_wconf 81' lang='lat' dir='ltr'><strong>addidit</strong></span> <span class='ocrx_word' id='word_1_91' title='bbox 680 1830 873 1898; x_wconf 85' lang='lat' dir='ltr'><strong>Pontificem.</strong></span> <span class='ocrx_word' id='word_1_92' title='bbox 916 1827 1067 1897; x_wconf 86' lang='lat' dir='ltr'><strong>Constan-</strong></span> 
     </span>
     <span class='ocr_line' id='line_1_16' title="bbox 119 1931 1067 2020; baseline 0 -24"><span class='ocrx_word' id='word_1_93' title='bbox 119 1931 214 1996; x_wconf 88' lang='lat' dir='ltr'><strong>tiense</strong></span> <span class='ocrx_word' id='word_1_94' title='bbox 238 1933 361 2014; x_wconf 86' lang='lat' dir='ltr'><strong>quidem</strong></span> <span class='ocrx_word' id='word_1_95' title='bbox 384 1935 560 2001; x_wconf 78' lang='lat' dir='ltr'><strong>Conctiium</strong></span> <span class='ocrx_word' id='word_1_96' title='bbox 585 1938 707 2020; x_wconf 85' lang='lat'>(1414)</span> <span class='ocrx_word' id='word_1_97' title='bbox 733 1938 882 2002; x_wconf 76' lang='lat' dir='ltr'><strong>nonnulla</strong></span> <span class='ocrx_word' id='word_1_98' title='bbox 904 1934 1067 1997; x_wconf 89' lang='lat' dir='ltr'><strong>videbatur</strong></span> 
     </span>
     <span class='ocr_line' id='line_1_17' title="bbox 118 2035 1067 2121; baseline 0 -21"><span class='ocrx_word' id='word_1_99' title='bbox 118 2035 296 2116; x_wconf 82' lang='lat' dir='ltr'><strong>instituere3</strong></span> <span class='ocrx_word' id='word_1_100' title='bbox 317 2052 348 2101; x_wconf 84' lang='lat' dir='ltr'><strong>at</strong></span> <span class='ocrx_word' id='word_1_101' title='bbox 371 2036 454 2121; x_wconf 88' lang='lat' dir='ltr'><strong>spem</strong></span> <span class='ocrx_word' id='word_1_102' title='bbox 472 2038 651 2105; x_wconf 79' lang='lat' dir='ltr'><strong>fefellerunt</strong></span> <span class='ocrx_word' id='word_1_103' title='bbox 669 2058 791 2106; x_wconf 90' lang='lat' dir='ltr'><strong>omnem</strong></span> <span class='ocrx_word' id='word_1_104' title='bbox 808 2038 892 2102; x_wconf 85' lang='lat' dir='ltr'><strong>fraus</strong></span> <span class='ocrx_word' id='word_1_105' title='bbox 911 2052 944 2102; x_wconf 89' lang='lat' dir='ltr'><strong>et</strong></span> <span class='ocrx_word' id='word_1_106' title='bbox 961 2037 1067 2100; x_wconf 83' lang='lat' dir='ltr'><strong>dolus.</strong></span> 
     </span>
     <span class='ocr_line' id='line_1_18' title="bbox 121 2137 1067 2226; baseline -0.003 -21"><span class='ocrx_word' id='word_1_107' title='bbox 121 2141 227 2205; x_wconf 87' lang='lat' dir='ltr'><strong>Patres</strong></span> <span class='ocrx_word' id='word_1_108' title='bbox 248 2158 324 2205; x_wconf 89' lang='lat' dir='ltr'><strong>vero</strong></span> <span class='ocrx_word' id='word_1_109' title='bbox 344 2141 524 2208; x_wconf 76' lang='lat' dir='ltr'><strong>nauteenses</strong></span> <span class='ocrx_word' id='word_1_110' title='bbox 544 2144 666 2226; x_wconf 83' lang='lat'>(1431)</span> <span class='ocrx_word' id='word_1_111' title='bbox 685 2141 834 2225; x_wconf 76' lang='lat' dir='ltr'>proposui</span> <span class='ocrx_word' id='word_1_112' title='bbox 862 2154 984 2203; x_wconf 82' lang='lat' dir='ltr'>tenaces</span> <span class='ocrx_word' id='word_1_113' title='bbox 1006 2137 1067 2202; x_wconf 86' lang='lat' dir='ltr'>sese</span> 
     </span>
     <span class='ocr_line' id='line_1_19' title="bbox 119 2243 1067 2328; baseline -0.001 -19"><span class='ocrx_word' id='word_1_114' title='bbox 119 2243 334 2328; x_wconf 84' lang='lat' dir='ltr'><strong>praeffiterunt</strong></span> <span class='ocrx_word' id='word_1_115' title='bbox 354 2243 499 2310; x_wconf 81' lang='lat' dir='ltr'><strong>adversus</strong></span> <span class='ocrx_word' id='word_1_116' title='bbox 520 2246 753 2327; x_wconf 84' lang='lat' dir='ltr'><strong>Eugenium</strong></span> <span class='ocrx_word' id='word_1_117' title='bbox 777 2245 846 2326; x_wconf 92' lang='lat' dir='ltr'><strong>IV,</strong></span> <span class='ocrx_word' id='word_1_118' title='bbox 866 2257 897 2307; x_wconf 88' lang='lat' dir='ltr'><strong>et</strong></span> <span class='ocrx_word' id='word_1_119' title='bbox 918 2243 1067 2323; x_wconf 75' lang='lat' dir='ltr'><strong>quaedam</strong></span> 
     </span>
     <span class='ocr_line' id='line_1_20' title="bbox 120 2348 1065 2440; baseline 0.001 -26"><span class='ocrx_word' id='word_1_120' title='bbox 120 2348 309 2414; x_wconf 83' lang='lat' dir='ltr'><strong>emendanda</strong></span> <span class='ocrx_word' id='word_1_121' title='bbox 327 2348 392 2413; x_wconf 86' lang='lat' dir='ltr'>esse</span> <span class='ocrx_word' id='word_1_122' title='bbox 415 2348 489 2416; x_wconf 82' lang='lat' dir='ltr'><strong>vitia</strong></span> <span class='ocrx_word' id='word_1_123' title='bbox 508 2349 644 2416; x_wconf 79' lang='lat' dir='ltr'><strong>maxime</strong></span> <span class='ocrx_word' id='word_1_124' title='bbox 662 2348 823 2433; x_wconf 58' lang='lat' dir='ltr'><strong>fflnsantia</strong></span> <span class='ocrx_word' id='word_1_125' title='bbox 843 2350 1065 2440; x_wconf 66' lang='lat' dir='ltr'><strong>&amp;crevenum</strong></span> 
     </span>
     <span class='ocr_line' id='line_1_21' title="bbox 118 2451 1071 2537; baseline -0.004 -19"><span class='ocrx_word' id='word_1_126' title='bbox 118 2472 177 2518; x_wconf 90' lang='lat' dir='ltr'><strong>nec</strong></span> <span class='ocrx_word' id='word_1_127' title='bbox 188 2469 289 2518; x_wconf 90' lang='lat' dir='ltr'><strong>tamen</strong></span> <span class='ocrx_word' id='word_1_128' title='bbox 305 2453 596 2533; x_wconf 80' lang='lat' dir='ltr'><strong>Reformationem,</strong></span> <span class='ocrx_word' id='word_1_129' title='bbox 616 2455 743 2537; x_wconf 79' lang='lat' dir='ltr'>proprie</span> <span class='ocrx_word' id='word_1_130' title='bbox 758 2453 799 2519; x_wconf 85' lang='lat' dir='ltr'><strong>ita</strong></span> <span class='ocrx_word' id='word_1_131' title='bbox 813 2454 923 2520; x_wconf 84' lang='lat' dir='ltr'><strong>dietam</strong></span> <span class='ocrx_word' id='word_1_132' title='bbox 934 2499 946 2531; x_wconf 96' lang='lat'><strong>,</strong></span> <span class='ocrx_word' id='word_1_133' title='bbox 956 2451 1071 2531; x_wconf 79' lang='lat' dir='ltr'><strong>tetige-</strong></span> 
     </span>
     <span class='ocr_line' id='line_1_22' title="bbox 119 2557 1069 2641; baseline -0.003 -19"><span class='ocrx_word' id='word_1_134' title='bbox 119 2573 202 2622; x_wconf 86' lang='lat' dir='ltr'><strong>runt.</strong></span> <span class='ocrx_word' id='word_1_135' title='bbox 252 2557 400 2639; x_wconf 84' lang='lat' dir='ltr'><strong>Denique</strong></span> <span class='ocrx_word' id='word_1_136' title='bbox 428 2559 563 2625; x_wconf 84' lang='lat' dir='ltr'><strong>Coneiiii</strong></span> <span class='ocrx_word' id='word_1_137' title='bbox 587 2559 685 2626; x_wconf 87' lang='lat' dir='ltr'><strong>Pisani</strong></span> <span class='ocrx_word' id='word_1_138' title='bbox 713 2559 755 2625; x_wconf 87' lang='grc' dir='ltr'><strong>Π.</strong></span> <span class='ocrx_word' id='word_1_139' title='bbox 790 2561 897 2626; x_wconf 77' lang='lat' dir='ltr'><strong>Patres</strong></span> <span class='ocrx_word' id='word_1_140' title='bbox 924 2557 1069 2641; x_wconf 83' lang='lat'><strong>(1511),</strong></span> 
     </span>
     <span class='ocr_line' id='line_1_23' title="bbox 119 2658 1071 2745; baseline 0.001 -20"><span class='ocrx_word' id='word_1_141' title='bbox 119 2660 261 2743; x_wconf 85' lang='lat' dir='ltr'><strong>quamvis</strong></span> <span class='ocrx_word' id='word_1_142' title='bbox 280 2661 427 2728; x_wconf 90' lang='lat' dir='ltr'><strong>Iulium</strong></span> <span class='ocrx_word' id='word_1_143' title='bbox 444 2663 486 2728; x_wconf 90' lang='lat' dir='ltr'><strong>II.</strong></span> <span class='ocrx_word' id='word_1_144' title='bbox 509 2663 698 2731; x_wconf 76' lang='lat' dir='ltr'><strong>accusassent</strong></span> <span class='ocrx_word' id='word_1_145' title='bbox 722 2678 867 2745; x_wconf 87' lang='lat' dir='ltr'><strong>tanquam</strong></span> <span class='ocrx_word' id='word_1_146' title='bbox 890 2658 1071 2742; x_wconf 78' lang='lat' dir='ltr'><strong>„manifes-</strong></span> 
     </span>
     <span class='ocr_line' id='line_1_24' title="bbox 116 2765 1069 2852; baseline 0 -20"><span class='ocrx_word' id='word_1_147' title='bbox 116 2783 185 2832; x_wconf 91' lang='lat' dir='ltr'><strong>tum</strong></span> <span class='ocrx_word' id='word_1_148' title='bbox 201 2780 233 2830; x_wconf 88' lang='lat' dir='ltr'><strong>et</strong></span> <span class='ocrx_word' id='word_1_149' title='bbox 250 2767 434 2832; x_wconf 88' lang='lat' dir='ltr'><strong>continuum</strong></span> <span class='ocrx_word' id='word_1_150' title='bbox 451 2767 484 2832; x_wconf 92' lang='lat' dir='ltr'><strong>in</strong></span> <span class='ocrx_word' id='word_1_151' title='bbox 504 2768 557 2834; x_wconf 84' lang='lat' dir='ltr'><strong>sua</strong></span> <span class='ocrx_word' id='word_1_152' title='bbox 578 2765 772 2852; x_wconf 79' lang='lat' dir='ltr'><strong>perverfiute</strong></span> <span class='ocrx_word' id='word_1_153' title='bbox 796 2767 1012 2851; x_wconf 83' lang='lat' dir='ltr'><strong>impeditorem</strong></span> <span class='ocrx_word' id='word_1_154' title='bbox 1032 2786 1069 2832; x_wconf 83' lang='lat' dir='ltr'><strong>ac</strong></span> 
     </span>
     <span class='ocr_line' id='line_1_25' title="bbox 116 2869 1073 2948; baseline 0.001 -14"><span class='ocrx_word' id='word_1_155' title='bbox 116 2871 331 2948; x_wconf 83' lang='lat' dir='ltr'><strong>turbatorem,</strong></span> <span class='ocrx_word' id='word_1_156' title='bbox 359 2904 390 2918; x_wconf 89' lang='lat'>-</span> <span class='ocrx_word' id='word_1_157' title='bbox 419 2886 450 2936; x_wconf 84' lang='lat' dir='ltr'><strong>et</strong></span> <span class='ocrx_word' id='word_1_158' title='bbox 481 2869 634 2939; x_wconf 80' lang='lat' dir='ltr'><strong>asfiduum</strong></span> <span class='ocrx_word' id='word_1_159' title='bbox 668 2872 702 2938; x_wconf 90' lang='lat' dir='ltr'><strong>in</strong></span> <span class='ocrx_word' id='word_1_160' title='bbox 724 2872 887 2938; x_wconf 64' lang='lat' dir='ltr'><strong>maximum</strong></span> <span class='ocrx_word' id='word_1_161' title='bbox 917 2870 1073 2939; x_wconf 66' lang='lat' dir='ltr'><strong>meeum</strong></span> 
     </span>
     <span class='ocr_line' id='line_1_26' title="bbox 117 2973 1072 3054; baseline -0.003 -14"><span class='ocrx_word' id='word_1_162' title='bbox 117 2973 289 3040; x_wconf 86' lang='lat' dir='ltr'><strong>scandalum</strong></span> <span class='ocrx_word' id='word_1_163' title='bbox 316 2989 349 3038; x_wconf 86' lang='lat' dir='ltr'><strong>et</strong></span> <span class='ocrx_word' id='word_1_164' title='bbox 378 2973 521 3043; x_wconf 78' lang='lat' dir='ltr'><strong>iacturam</strong></span> <span class='ocrx_word' id='word_1_165' title='bbox 547 2991 781 3052; x_wconf 79' lang='lat' dir='ltr'><strong>contumacem,</strong></span> <span class='ocrx_word' id='word_1_166' title='bbox 807 3008 837 3024; x_wconf 90' lang='lat'><em>-</em></span> <span class='ocrx_word' id='word_1_167' title='bbox 862 2975 948 3054; x_wconf 85' lang='lat' dir='ltr'>pacis</span> <span class='ocrx_word' id='word_1_168' title='bbox 968 2974 1072 3037; x_wconf 87' lang='lat' dir='ltr'><strong>inimi·</strong></span> 
     </span>
     <span class='ocr_line' id='line_1_27' title="bbox 120 3075 1071 3156; baseline -0.004 -14"><span class='ocrx_word' id='word_1_169' title='bbox 120 3096 216 3156; x_wconf 85' lang='lat' dir='ltr'><strong>cum,</strong></span> <span class='ocrx_word' id='word_1_170' title='bbox 241 3115 273 3137; x_wconf 62' lang='grc' dir='ltr'><strong>-ψ</strong></span> <span class='ocrx_word' id='word_1_171' title='bbox 292 3095 324 3143; x_wconf 92' lang='lat' dir='ltr'><strong>et</strong></span> <span class='ocrx_word' id='word_1_172' title='bbox 348 3077 381 3143; x_wconf 89' lang='lat' dir='ltr'><strong>in</strong></span> <span class='ocrx_word' id='word_1_173' title='bbox 404 3079 455 3144; x_wconf 83' lang='lat' dir='ltr'><strong>his</strong></span> <span class='ocrx_word' id='word_1_174' title='bbox 481 3082 625 3146; x_wconf 84' lang='lat' dir='ltr'><strong>omnibus</strong></span> <span class='ocrx_word' id='word_1_175' title='bbox 655 3080 838 3144; x_wconf 79' lang='lat' dir='ltr'><strong>enormibus</strong></span> <span class='ocrx_word' id='word_1_176' title='bbox 860 3075 1017 3141; x_wconf 83' lang='lat' dir='ltr'><strong>continuis</strong></span> <span class='ocrx_word' id='word_1_177' title='bbox 1038 3087 1071 3138; x_wconf 83' lang='lat' dir='ltr'><strong>et</strong></span> 
     </span>
     <span class='ocr_line' id='line_1_28' title="bbox 119 3178 1070 3265; baseline -0.007 -19"><span class='ocrx_word' id='word_1_178' title='bbox 119 3183 251 3248; x_wconf 88' lang='lat' dir='ltr'><strong>notoriis</strong></span> <span class='ocrx_word' id='word_1_179' title='bbox 264 3182 447 3250; x_wconf 73' lang='lat' dir='ltr'><strong>criminum</strong></span> <span class='ocrx_word' id='word_1_180' title='bbox 464 3184 721 3265; x_wconf 63' lang='lat' dir='ltr'><strong>incorrigibilem</strong></span> <span class='ocrx_word' id='word_1_181' title='bbox 743 3183 942 3259; x_wconf 85' lang='lat' dir='ltr'><strong>induratum,</strong></span> <span class='ocrx_word' id='word_1_182' title='bbox 956 3178 1070 3242; x_wconf 79' lang='lat' dir='ltr'><strong>invete-</strong></span> 
     </span>
     <span class='ocr_line' id='line_1_29' title="bbox 119 3281 1071 3366; baseline -0.002 -14"><span class='ocrx_word' id='word_1_183' title='bbox 119 3305 217 3352; x_wconf 87' lang='lat' dir='ltr'><strong>ratum</strong></span> <span class='ocrx_word' id='word_1_184' title='bbox 230 3303 261 3352; x_wconf 92' lang='lat' dir='ltr'><strong>et</strong></span> <span class='ocrx_word' id='word_1_185' title='bbox 271 3288 454 3354; x_wconf 84' lang='lat' dir='ltr'><strong>obstinatum</strong></span> <span class='ocrx_word' id='word_1_186' title='bbox 464 3287 501 3366; x_wconf 79' lang='lat'><strong>,¹⁹</strong></span> <span class='ocrx_word' id='word_1_187' title='bbox 522 3306 657 3366; x_wconf 90' lang='lat' dir='ltr'><strong>eumque</strong></span> <span class='ocrx_word' id='word_1_188' title='bbox 672 3299 802 3363; x_wconf 87' lang='lat' dir='ltr'><strong>propter</strong></span> <span class='ocrx_word' id='word_1_189' title='bbox 813 3285 888 3351; x_wconf 85' lang='lat' dir='ltr'><strong>haec</strong></span> <span class='ocrx_word' id='word_1_190' title='bbox 905 3282 1006 3349; x_wconf 88' lang='lat' dir='ltr'><strong>omnia</strong></span> <span class='ocrx_word' id='word_1_191' title='bbox 1022 3281 1071 3350; x_wconf 91' lang='lat' dir='ltr'><strong>in·</strong></span> 
     </span>
     <span class='ocr_line' id='line_1_30' title="bbox 120 3386 1069 3474; baseline -0.002 -20"><span class='ocrx_word' id='word_1_192' title='bbox 120 3391 250 3474; x_wconf 70' lang='lat' dir='ltr'><strong>mgnum</strong></span> <span class='ocrx_word' id='word_1_193' title='bbox 272 3392 496 3473; x_wconf 71' lang='lat' dir='ltr'><strong>deehmsent,</strong></span> <span class='ocrx_word' id='word_1_194' title='bbox 518 3389 574 3472; x_wconf 89' lang='lat' dir='ltr'><strong>qui</strong></span> <span class='ocrx_word' id='word_1_195' title='bbox 593 3389 753 3459; x_wconf 80' lang='lat' dir='ltr'><strong>Pontificio</strong></span> <span class='ocrx_word' id='word_1_196' title='bbox 773 3388 920 3470; x_wconf 81' lang='lat' dir='ltr'><strong>dignitate</strong></span> <span class='ocrx_word' id='word_1_197' title='bbox 936 3386 1069 3468; x_wconf 87' lang='lat' dir='ltr'><strong>amplius</strong></span> 
     </span>
     <span class='ocr_line' id='line_1_31' title="bbox 117 3489 1068 3591; baseline -0.003 -29"><span class='ocrx_word' id='word_1_198' title='bbox 117 3497 280 3591; x_wconf 72' lang='lat' dir='ltr'><strong>gaudmeta</strong></span> <span class='ocrx_word' id='word_1_199' title='bbox 312 3518 379 3565; x_wconf 90' lang='lat' dir='ltr'><strong>non</strong></span> <span class='ocrx_word' id='word_1_200' title='bbox 400 3498 454 3564; x_wconf 92' lang='lat' dir='ltr'><strong>diu</strong></span> <span class='ocrx_word' id='word_1_201' title='bbox 481 3513 580 3562; x_wconf 88' lang='lat' dir='ltr'><strong>tamen</strong></span> <span class='ocrx_word' id='word_1_202' title='bbox 602 3509 677 3579; x_wconf 84' lang='lat' dir='ltr'><strong>post</strong></span> <span class='ocrx_word' id='word_1_203' title='bbox 701 3511 834 3575; x_wconf 81' lang='lat' dir='ltr'><strong>omnes,</strong></span> <span class='ocrx_word' id='word_1_204' title='bbox 850 3493 889 3560; x_wconf 84' lang='lat' dir='ltr'><strong>de</strong></span> <span class='ocrx_word' id='word_1_205' title='bbox 904 3491 958 3558; x_wconf 83' lang='lat' dir='ltr'><strong>[ua</strong></span> <span class='ocrx_word' id='word_1_206' title='bbox 972 3489 1068 3559; x_wconf 81' lang='lat' dir='ltr'><strong>salute</strong></span> 
     </span>
     <span class='ocr_line' id='line_1_32' title="bbox 117 3599 1053 3754; baseline -0.004 -88"><span class='ocrx_word' id='word_1_207' title='bbox 117 3617 313 3684; x_wconf 87' lang='lat' dir='ltr'><strong>metuentes,</strong></span> <span class='ocrx_word' id='word_1_208' title='bbox 334 3605 462 3669; x_wconf 74' lang='lat' dir='ltr'><strong>domem</strong></span> <span class='ocrx_word' id='word_1_209' title='bbox 481 3599 707 3684; x_wconf 84' lang='lat' dir='ltr'><strong>secesserunt(</strong></span> <span class='ocrx_word' id='word_1_210' title='bbox 730 3600 762 3685; x_wconf 87' lang='lat'><strong>).</strong></span> <span class='ocrx_word' id='word_1_211' title='bbox 988 3682 1024 3754; x_wconf 75' lang='lat' dir='ltr'>N</span> <span class='ocrx_word' id='word_1_212' title='bbox 1049 3681 1053 3686; x_wconf 22' lang='grc'>1</span> 
     </span>
     <span class='ocr_line' id='line_1_33' title="bbox 1023 3701 1067 3751; baseline -0.045 0"><span class='ocrx_word' id='word_1_213' title='bbox 1023 3701 1067 3751; x_wconf 91' lang='lat' dir='ltr'><strong>on</strong></span> 
     </span>
    </p>
   </div>
   <div class='ocr_carea' id='block_1_5' title="bbox 153 3811 1040 3988">
    <p class='ocr_par' dir='ltr' id='par_1_5' title="bbox 153 3811 1040 3988">
     <span class='ocr_line' id='line_1_34' title="bbox 156 3811 831 3892; baseline -0.004 -19"><span class='ocrx_word' id='word_1_214' title='bbox 156 3811 315 3892; x_wconf 52' lang='lat' dir='ltr'><strong>(odom</strong></span> <span class='ocrx_word' id='word_1_215' title='bbox 341 3814 534 3884; x_wconf 52' lang='lat' dir='ltr'><strong>wirnt.</strong></span> <span class='ocrx_word' id='word_1_216' title='bbox 559 3815 664 3888; x_wconf 75' lang='lat' dir='ltr'><strong>nup</strong></span> <span class='ocrx_word' id='word_1_217' title='bbox 686 3831 734 3888; x_wconf 80' lang='lat'><strong>29.</strong></span> <span class='ocrx_word' id='word_1_218' title='bbox 792 3843 831 3883; x_wconf 53' lang='lat'><strong>,-</strong></span> 
     </span>
     <span class='ocr_line' id='line_1_35' title="bbox 153 3905 1040 3988; baseline -0.012 -16"><span class='ocrx_word' id='word_1_219' title='bbox 153 3909 210 3988; x_wconf 86' lang='lat'><strong>(2)</strong></span> <span class='ocrx_word' id='word_1_220' title='bbox 230 3908 297 3969; x_wconf 70' lang='lat' dir='ltr'><strong>wd-</strong></span> <span class='ocrx_word' id='word_1_221' title='bbox 316 3909 353 3968; x_wconf 85' lang='lat' dir='ltr'><strong>de</strong></span> <span class='ocrx_word' id='word_1_222' title='bbox 369 3908 447 3968; x_wconf 74' lang='lat' dir='ltr'><strong>hince</strong></span> <span class='ocrx_word' id='word_1_223' title='bbox 464 3906 601 3969; x_wconf 68' lang='lat' dir='ltr'><strong>caeciliis</strong></span> <span class='ocrx_word' id='word_1_224' title='bbox 625 3905 812 3978; x_wconf 81' lang='lat' dir='ltr'><strong>Gerdet,</strong></span> <span class='ocrx_word' id='word_1_225' title='bbox 830 3906 904 3984; x_wconf 76' lang='lat' dir='ltr'><strong>up.</strong></span> <span class='ocrx_word' id='word_1_226' title='bbox 921 3922 966 3979; x_wconf 85' lang='lat'><strong>31·</strong></span> <span class='ocrx_word' id='word_1_227' title='bbox 982 3905 1040 3979; x_wconf 88' lang='lat' dir='ltr'><strong>sqq·</strong></span> 
     </span>
    </p>
   </div>
   <div class='ocr_carea' id='block_1_6' title="bbox 0 0 1237 4426">
    <p class='ocr_par' dir='ltr' id='par_1_6' title="bbox 0 0 1237 4426">
     <span class='ocr_line' id='line_1_36' title="bbox 0 0 1237 4426; baseline 0 0"><span class='ocrx_word' id='word_1_228' title='bbox 0 0 1237 4426; x_wconf 95' lang='lat' dir='ltr'><strong> </strong></span> 
     </span>
    </p>
   </div>
  </div>
 </body>
</html>
