2438 4426
532 319 714 421 (133)

342 545 374 602 4.
397 523 449 588 Dc
469 525 596 588 Peccata
617 527 653 589 in
671 525 821 610 Spiritum
847 523 880 590 S.

182 712 260 777 Sunt
281 711 423 791 quidam,
454 708 679 791 quitimemt,
720 727 759 774 ne
786 707 950 790 aliquando
978 725 1086 788 pecca-

140 833 204 883 tum
226 815 448 881 committerent
462 814 493 876 in
506 802 655 895 ¹Spiritum
676 814 711 878 S.
774 812 819 877 At
835 830 911 877 vero
927 829 965 876 ne
990 811 1082 876 time·

141 921 371 988 auctiones..
398 917 609 984 concedimus
653 963 676 996 „
697 917 762 983 Ubi
786 913 862 981 fides
885 927 959 1001 est,
979 931 1087 991 tumet·

140 1024 162 1090 st
195 1041 351 1102 nunquam
373 1039 436 1085 non
459 1018 498 1085 lis
516 1034 679 1103 peccator,
713 1038 883 1100 nunquam·
897 1033 998 1099 tamur
1014 1021 1088 1101 deli,

139 1129 188 1190 nis
213 1124 434 1190 infaclicitacem
459 1123 669 1206 propensionis
683 1126 722 1190 ad
735 1125 924 1207 peccandum
947 1126 1088 1206 deplora.

140 1249 193 1311 te,
213 1227 330 1308 semper
346 1242 376 1292 te
390 1226 640 1299 denuofotmare
662 1243 804 1307 coeptus.
831 1229 969 1302 ‚Contra
988 1247 1089 1311 uero,

139 1330 190 1395 ubi
207 1328 286 1394 fides
308 1347 372 1394 non
399 1345 466 1411 est,
487 1331 549 1396 utic
561 1349 616 1396 nec
636 1314 1011 1415 peccatiratioluibetur,
1031 1351 1089 1398 nec

136 1417 257 1498 timoris
280 1434 353 1497 Dei.
384 1470 422 1484 ·-
454 1484 474 1514 „
495 1435 567 1500 Sola
597 1450 699 1519 autem
728 1435 922 1521 incredulitas
942 1439 997 1516 (ex
1022 1455 1088 1517 qun

138 1541 247 1604 deinde
267 1537 445 1603 manifestae
465 1539 668 1605 contumeliae
685 1541 852 1616 procedunt
873 1539 995 1604 Matth.
1016 1542 1088 1622 ια.)

141 1661 298 1722 nunquam
325 1641 532 1727 remittitur.’'·
598 1642 671 1707 Hoc
699 1656 746 1715 est
774 1642 846 1706 illud
871 1629 1029 1724 peccatum
1054 1643 1089 1708 in

141 1747 287 1828 Spiritum
308 1747 365 1824 S.,
395 1747 433 1810 de
457 1764 522 1824 quo
551 1744 698 1810 Christus
719 1745 860 1825 loquitur
885 1745 1007 1812 Matth.
1035 1766 1087 1810 12·

140 1850 254 1929 Neque
279 1847 361 1913 aliud
385 1861 434 1913 est
455 1863 617 1933 peccatum
637 1850 674 1922 ad
696 1863 854 1935 mortem,
875 1850 931 1914 de
926 1869 1012 1937 quo
1038 1850 1089 1914 lo-

140 1950 255 2016 hannes
268 1952 468 2033 Apostolus,
492 1972 507 2015 1
529 1952 592 2037 Ep.
609 1972 640 2015 c.
657 1968 688 2033 5.
713 1951 856 2041 „Quod
863 1951 1090 2090 propiqsintu·

23 2103 39 2115 ,
142 2055 207 2119 enti
225 2052 314 2119 facile
329 2054 450 2137 patet?
574 2107 578 2112 .
833 2102 839 2117 ,
873 2102 877 2107 .
945 2084 1039 2141 h,

184 2157 308 2234 „Vera
333 2176 406 2239 ergo
428 2106 552 2223 Christi
576 2132 700 2244 Religio
726 2159 799 2224 lutee
802 2171 906 2242 eqt,
915 2175 999 2241 qut
1001 2128 1091 2223 miset

139 2260 236 2324 homo
260 2262 300 2325 de
323 2261 353 2325 se
374 2261 458 2353 ipio
467 2264 645 2349 desperat,
665 2277 697 2326 et
725 2282 848 2347 omnem
867 2261 1090 2351 cogitationem

138 2362 370 2443 fiduciamque
361 2384 393 2429 m
410 2363 535 2429 Deum
526 2379 645 2451 ructat,¹
656 2383 779 2447 certus,
801 2368 911 2453 quod
901 2387 930 2454 ts
944 2366 1092 2445 nihilne·

140 2482 211 2546 gare
224 2463 343 2546 posfit,
364 2469 419 2547 qui
438 2455 548 2543 Filium
564 2466 651 2557 suum
667 2490 726 2550 pro
751 2471 844 2547 nobis
870 2469 1036 2553 impendit:
1058 2484 1090 2534 et

141 2571 225 2648 quod
243 2568 362 2661 Filius,
385 2569 439 2652 qui
449 2564 551 2659 'aeque
567 2573 653 2657 Deus
668 2591 704 2657 ac
712 2575 880 2662 {latentem
902 2574 979 2639 nihil
995 2590 1091 2657 nega·

138 2691 173 2744 re
187 2686 316 2753 potest,
338 2692 433 2767 quum
453 2687 565 2739 noster·
580 2675 646 2769 fit.¹
672 2675 756 2763 Falsa
770 2697 845 2757 vero
854 2674 986 2767 Religio
1001 2677 1091 2757 inane

139 2775 259 2841 Christi
274 2795 387 2842 nomen
404 2779 601 2856 circumfert,
623 2772 717 2860 quum
734 2778 802 2865 spes
815 2781 976 2873 ΓιιὶιεμῇὶΙ
996 2781 1093 2873 liabe-

136 2895 187 2969 at:
220 2878 297 2943 alius
329 2882 409 2947 enim
435 2899 565 2965 peccata.
578 2882 628 2948 sua
651 2866 692 2947 'ut
713 2887 835 2964 tbluat,
865 2886 966 2951 ebrios
987 2898 1093 2973 canto-

137 3000 212 3060 tcs,
239 2984 317 3048 alius
336 2986 515 3052 Monnchos
534 2990 572 3052 ad
586 2986 688 3050 ieiune
709 2990 899 3064 psallendum
921 2985 1089 3063 conducit,

143 3087 218 3151 alius
236 3085 407 3151 ambitiosas
424 3091 513 3154 aedes
536 3088 713 3166 excitando,
734 3091 813 3155 alius
835 3086 997 3170 preciosam
1021 3105 1090 3153 ves·

144 3203 205 3252 tcm
231 3188 443 3255 concinnando
464 3191 605 3256 divorum
626 3190 715 3254 alicui
734 3180 857 3256 mercati
875 3190 1009 3271 sepum
1023 3190 1091 3256 foe·

143 3291 305 3371 licitatem,
332 3295 409 3357 alius
434 3293 591 3375 propriis,
619 3294 697 3357 alius
723 3293 828 3357 alienis
862 3294 969 3358 nititur
991 3295 1090 3373 operi·

142 3398 222 3461 bus:
254 3412 285 3460 et
307 3398 440 3461 breviter
468 3411 624 3477 quotquot
647 3399 784 3462 civitates
806 3396 909 3478 sunt,
925 3412 972 3461 tot
996 3413 1027 3460 et
1047 3401 1090 3465 dii

143 3499 230 3564 sunt:
253 3500 407 3579 quaelibet
420 3501 501 3565 enim
516 3500 608 3566 habet
625 3503 806 3581 peculiarem
821 3499 1091 3592 aliquemdivum,

145 3605 194 3668 cui
209 3608 334 3672 tutelam
354 3601 437 3673 suam
453 3617 606 3688 acceptam
624 3605 722 3672 sert·”
1017 3592 1021 3601 ⁵
