2438 4426
508 243 697 337 (106)

133 434 185 500 brt
201 433 414 516 magistratus,
435 433 554 516 donee,
588 456 645 519 per
660 436 815 506 Pastorem
835 441 872 510 de
895 441 953 508 hac
969 454 999 507 et
1016 444 1084 511 aliis

134 540 226 605 rebus
249 559 322 606 vere
344 538 488 619 instituti,
511 542 645 607 unanimi
665 542 811 610 consensu
836 548 940 612 eadem
957 566 1082 633 quoque

131 644 364 710 demolirentur.
388 679 415 692 -
435 643 519 709 Dum
539 665 613 711 vero
636 647 712 712 haec
730 648 762 712 in
776 668 850 732 agro
864 664 1032 733 geruntur,
1054 654 1088 719 in

133 747 213 814 urbe
237 767 363 831 quoque
384 747 483 832 (quae
507 761 568 816 tres
591 751 741 818 Ecclesras
756 753 952 835 particulares
973 758 1088 839 habet)

135 851 217 918 idem
232 855 309 920 illud
323 852 480 936 negotium
499 853 559 920 hoc
584 857 679 921 modo
700 870 884 924 transactum
902 866 958 926 est.
1022 861 1090 928 Pri·

135 974 222 1025 mum
238 959 390 1024 idolorum
410 958 547 1039 patr'onis
564 975 679 1024 certum
699 961 829 1045 aliquem
853 964 999 1046 temporis
1027 970 1089 1030 ter'-

135 1065 252 1130 minum
262 1061 505 1143 constituerunt,
526 1063 604 1128 intra
619 1084 710 1144 quem
726 1066 852 1150 singulis
870 1067 921 1133 sua
940 1069 1042 1147 idola,
1065 1069 1089 1137 st

136 1187 213 1249 quae
239 1166 300 1231 illis
327 1165 452 1249 propria
480 1167 598 1243 essent,
628 1169 751 1233 domum
789 1185 943 1250 asportare
966 1171 1087 1241 liceret.

136 1271 228 1337 Unde
242 1267 356 1334 factum
381 1285 449 1350 est,
472 1286 509 1338 ut
521 1271 639 1338 rursum
655 1293 762 1355 magna
777 1293 815 1338 ex
829 1288 915 1355 parte
929 1274 1086 1339 idolorum

135 1392 280 1442 numerus
295 1372 535 1442 imminueretur.
580 1377 757 1444 Constituto
768 1392 868 1443 autem
893 1379 952 1443 illis
966 1390 1090 1462 tempo-¹

136 1497 170 1544 re
185 1478 244 1545 iam
258 1478 378 1564 elapso,
400 1500 440 1549 ex
454 1483 588 1549 omnium
609 1497 671 1547 tam
688 1482 905 1563 clericorum,
928 1501 1020 1564 quam
1033 1480 1088 1547 lai-

138 1606 247 1653 corum
256 1605 390 1654 numero
406 1603 469 1654 tres
484 1588 555 1653 illos
569 1585 660 1652 trium
679 1587 883 1655 Ecclesrarum
908 1587 1090 1666 ministros,

139 1690 410 1756 Heinrichum
442 1692 775 1776 lingelhardum,
813 1691 988 1756 Leonem
1025 1687 1089 1773 Ju-

140 1796 230 1874 dae,
251 1809 283 1859 et
303 1813 372 1872 me,
393 1813 535 1864 unacum
549 1796 709 1862 duodecim
721 1794 911 1862 senatoribus
931 1793 1089 1877 efingulis

140 1894 283 1964 tribubus
299 1896 467 1983 desumptis
480 1902 676 1983 delegerunt,
698 1901 801 1981 addito
812 1901 906 1987 vsimul
927 1899 1016 1966 aedili
1032 1917 1100 1980 pua

141 2003 226 2072 blico
246 2024 307 2071 una
328 2025 398 2070 cum
413 2004 512 2072 fabris
531 2002 689 2087 lignariis,
715 2004 872 2083 ferrariis,
894 2020 924 2069 et
946 2006 1002 2069 alia
1031 2000 1092 2066 ser·

142 2127 256 2177 vorum
277 2130 369 2177 manu
386 2110 425 2176 ad
453 2110 528 2176 illud
553 2126 636 2190 opus¹
654 2112 782 2177 idonea:
807 2111 860 2192 qui
880 2129 988 2175 omnes
1017 2121 1092 2172 tem·

141 2217 194 2299 pla
212 2214 355 2299 ingresfi,
375 2212 480 2283 clausis
496 2222 569 2296 po'st
580 2214 611 2279 se
628 2214 745 2296 ianuis,
768 2233 879 2297 magno
894 2216 964 2287 cum
986 2213 1091 2303 labore

144 2336 179 2386 et
195 2320 295 2387 studio
314 2338 378 2386 non
394 2320 509 2403 vulgari
522 2319 603 2384 idola
620 2320 722 2383 omnia
744 2319 880 2383 demoliti
900 2318 990 2396 sunt,
1012 2332 1091 2396 quae

143 2427 256 2492 deinde
293 2445 311 2490 e
336 2423 459 2505 templis
489 2435 646 2505 exportata
676 2436 854 2503 opponuno
876 2436 1016 2502 tempore
1043 2419 1093 2510 vel

145 2531 277 2597 flammis
297 2546 403 2594 exusta
423 2528 667 2610 conflagrarunt,
695 2527 744 2590 vel
773 2525 805 2588 in
829 2524 906 2589 alios
927 2523 998 2588 ulus
1018 2539 1094 2586 cou-

144 2633 262 2714 sumpta
282 2633 362 2698 sunt.
403 2632 570 2712 Pleraeque
586 2640 658 2696 tero
673 2630 705 2694 in
726 2646 799 2710 agro
818 2624 969 2693 Ecclesrae
984 2640 1094 2707 magna

144 2736 296 2801 a'lacritate
311 2752 390 2815 nos,
412 2734 510 2816 quiin
526 2736 601 2801 urbe
616 2735 741 2812 sumus,
761 2730 1096 2815 praevenientes‚con·
1140 2775 1144 2783 .

144 2838 250 2933 festim
281 2857 315 2904 ea
343 2839 544 2906 exusserunt”
566 2841 633 2924 (1).
678 2840 812 2905 Sublatis
838 2835 933 2918 igitur
959 2833 1097 2916 imagini·

147 2947 210 3012 bus
232 2943 331 3027 ipsum
356 2964 485 3028 quoque
514 2945 678 3029 Collegium
702 2938 937 3022 Abbatissarum
961 2941 1096 3025 (dictum

150 3050 490 3135 Franco-Munder);
513 3050 599 3132 quod
619 3065 650 3116 et
672 3046 856 3130 antiquitate
879 3061 909 3111 et
935 3045 1099 3128 peculiari·

149 3158 212 3225 bus
225 3155 475 3239 privilegiis-erat
489 3153 704 3235 nobiliarum,
724 3154 755 3219 se
780 3151 978 3235 Magistratui
1000 3150 1099 3234 Tigu·

148 3261 221 3327 'rino
241 3259 395 3340 submilit,
414 3260 503 3327 cuius
519 3261 550 3326 in
569 3275 750 3343 potestatem
768 3259 886 3325 tradidit
900 3275 1007 3321 omnes
1025 3254 1099 3321 suos

151 3365 272 3433 reditus
295 3366 419 3448 opimos
442 3366 597 3448 longeque
616 3361 913 3445 maximos,‘additis
935 3356 1101 3446 precibras',

152 3485 192 3537 ut
208 3491 263 3539 eos
279 3471 395 3539 sactum
409 3470 439 3536 in
453 3468 541 3536 ulum
562 3487 794 3553 pauperumque
816 3466 954 3535 solatium
971 3466 1102 3549 dirigere

1049 3573 1103 3636 be·

149 3695 249 3855 .1.(1)
262 3664 519 3858 galuanus.
537 3701 566 3764 n
584 3698 843 3779 aepzaaaamt.
864 3702 986 3778 caspar.
999 3671 1104 3776 our.

171 3835 181 3858 .
198 3813 259 3872 pe
283 3815 308 3858 1.
325 3801 355 3859 b.
571 3846 576 3857 .
831 3833 845 3845 .,
1084 3843 1095 3856 „
