2438 4426
534 267 704 352 (41)¹

141 470 196 518 rus
205 452 255 518 ille
265 453 329 532 vir,
345 453 398 519 etfi
413 468 477 519 non
492 456 529 519 ab
543 454 626 519 omni
636 451 929 535 superstitionislabe
940 453 1084 523 immuni·

147 559 248 633 esset,
271 558 360 623 variis
376 574 477 625 tamen
490 557 551 623 sese
567 559 633 624 aevi
651 556 806 622 erroribus
822 556 977 636 opposuit.
1018 561 1086 635 Ro.-

146 682 215 733 mae
230 679 396 743 poenarum
420 662 627 728 remissionem
645 677 688 752 et·
701 663 1086 743 peccatorum-absolunio-

147 783 241 844 nem,
263 781 295 830 et
318 765 431 841 fundos
458 765 707 844 Ecclesrasticos‚
722 838 726 847 ¹
740 779 772 830 et
792 763 975 845 dignitates,
1004 769 1087 833 nullo

144 872 321 941 meritonun
337 871 453 937 ratione
468 871 587 947 habita,
605 870 719 937 verialia
729 870 814 946 essa,
835 869 1087 952 palamfuitpro-

146 973 260 1041 fessus.
303 977 447 1056 Pompam
471 996 545 1040 vero
562 991 591 1040 et
608 977 761 1041 luxuriam.
781 991 812 1039 et
834 989 999 1056 corruptos
1022 995 1087 1041 mo·

145 1099 196 1144 res
210 1080 404 1146 Clericorrrm
422 1094 482 1145 ram
507 1080 693 1161 superioris,
714 1099 804 1159 quam
830 1078 982 1145 inferioris
1005 1081 1088 1146 ordi·

143 1184 215 1260 nis,
234 1185 281 1247 vel
300 1183 424 1256 ruinam,
435 1202 582 1266 augurare
605 1183 681 1250 dixit
701 1183 838 1249 omnium
859 1186 1014 1266 gentium,
1034 1187 1087 1250 vel

140 1287 240 1369 ipsuis,
262 1288 459 1354 Hierarchiue
489 1289 669 1368 interitum,
698 1289 845 1369 siqnidem
872 1292 987 1355 eaedem
1019 1291 1086 1357 ime

139 1409 273 1472 gentes,
297 1394 428 1465 mascula
453 1395 583 1472 quadam
599 1393 630 1458 vi
646 1394 786 1460 excitatae
795 1428 813 1474 ·,·
823 1394 937 1458 collum
951 1395 1087 1476 aliquan-

114 1510 122 1523 ⁴
144 1497 185 1559 do
207 1495 281 1577 iugo
303 1497 438 1578 erepturi
460 1495 563 1561 forent
583 1501 651 1580 (r).

185 1600 282 1685 Quod
301 1600 497 1681 praesagierit
512 1602 647 1680 Felix,
663 1600 743 1666 'illud
758 1622 863 1669 revera
875 1603 1084 1670 videbaturin-

57 1752 60 1757 -
137 1705 238 1787 liare,
255 1704 351 1770 ubrin
363 1705 509 1771 Bolremia
521 1706 1001 1775 maximelrominumconturbari
1015 1717 1084 1774 coe'

136 1824 251 1893 perum
267 1807 361 1873 animi
375 1828 504 1890 propter
517 1813 655 1877 iniuriam
669 1832 686 1876 a
705 1813 849 1881 Concilio
862 1811 1083 1881 Constantienfi

111 1978 114 1985 .
137 1916 176 1982 H
187 1933 230 1993 uls
239 1913 257 1978 s
258 1933 277 1976 o
287 1913 411 1990 illatam.
434 1915 518 1980 Nota
527 1915 659 1981 sttntviri
667 1917 739 1983 lata.
760 1917 895 1981 Mortem
905 1899 1006 1982 autern
1015 1937 1084 1998 pas·

144 2019 194 2083 lus
204 2036 248 2083 est
263 2039 298 2083 ea
315 2019 436 2100 quidem
450 2022 586 2096 ratione,
602 2019 730 2083 utnrulti
740 2020 860 2098 evulgo
873 2021 1084 2090 inadmiratios

144 2142 213 2187 nem
230 2140 413 2204 raperentur.
452 2127 552 2190 Fuere
563 2124 685 2203 quidem
696 2122 909 2187 Helvetiorum
919 2124 998 2187 baud
1010 2144 1084 2204 pau·

119 2232 123 2240 '
143 2229 192 2306 ci,
207 2227 260 2309 qui
267 2229 447 2294 Pontificum
462 2229 611 2297 mandaris
620 2227 852 2306 inducerentur,
869 2243 904 2292 ut
914 2227 1083 2308 sacraquafi

144 2332 331 2413 expeditione
344 2351 424 2396 arma
440 2329 559 2395 ferrent
574 2346 680 2409 contra
697 2329 848 2396 Husfitas.
879 2331 977 2418 Quam
989 2333 1084 2412 pluri-

141 2439 298 2516 minero,
319 2437 450 2504 maxime
467 2440 611 2521 eplebe,
630 2438 727 2520 palam
744 2438 938 2518 profitendo,
960 2437 1083 2504 Hussi

1019 2546 1083 2626 pla-

109 2682 113 2695 “
141 2705 203 2759 rus,
215 2688 279 2747 veri
289 2692 383 2747 amore
395 2688 514 2760 ductus,
530 2678 666 2767 bonisque
678 2691 802 2751 moribus
815 2693 954 2764 eminens,
973 2693 1005 2750 ab
1018 2694 1082 2752 His-

141 2787 237 2842 roricis
255 2785 423 2843 celebratur·
471 2786 618 2859 Postquam
638 2792 721 2847 multa
734 2791 836 2847 itinera
852 2787 981 2857 fecerat,
998 2789 1083 2847 studia

138 2881 325 2954 promovendi
344 2885 421 2940 causa
439 2882 584 2956 suscepta,
603 2889 742 2957 praeclara
762 2885 830 2944 obiit
849 2901 960 2942 munera
980 2885 1082 2942 Eccle-

140 2974 244 3033 srasrica
264 2991 328 3034 cum
346 2977 429 3045 alibi,
449 2992 512 3055 ,rum
535 2978 716 3054 in5Tigurina
744 2981 822 3036 etiam
847 2979 926 3034 urbe·
974 2980 1081 3047 Multos

139 3084 231 3144 autern
254 3069 303 3129 fibi
334 3073 603 3146 paravitinimicor,
625 3087 776 3146 propterea
794 3073 868 3146 quod
891 3069 970 3127 valde
990 3070 1081 3126 incre·
1182 3098 1189 3107 ·

139 3180 204 3236 pare
224 3167 369 3224 consuevit
388 3168 415 3222 in
432 3182 525 3224 mores
545 3169 721 3224 Clericorum
740 3166 893 3225 dissolutos·
937 3165 1081 3237 Deinceps

140 3259 175 3319 de
194 3260 276 3319 variis
288 3262 445 3323 criminibus
455 3262 612 3330 accusatus,
631 3259 720 3315 insons
736 3261 889 3318 crudeliter
900 3261 1006 3316 habitus
1018 3274 1081 3329 eat,

140 3368 223 3428 arque
255 3354 283 3410 in
311 3355 421 3414 vincula
460 3355 615 3413 coniectus*
632 3354 705 3410 diem
726 3353 794 3410 obirr
815 3356 978 3427 supremum.
1021 3357 1081 3418 Ore

138 3436 233 3509 aurem
254 3463 283 3509 et
300 3449 409 3523 scriptis
428 3451 464 3509 ita
480 3451 623 3516 inclaruit,
647 3462 679 3505 ur
696 3448 799 3520 ubique
819 3463 903 3518 arque
921 3450 949 3505 in
969 3452 1090 3535 ipsaatt·6

138 3546 168 3602 la-
182 3544 321 3604 Pontificis
334 3545 454 3604 Romani
472 3546 587 3609 nominis
605 3542 721 3614 adeptus
740 3541 772 3599 fir
787 3541 988 3600 celebritatem·
1020 3604 1024 3611 ,
1071 3604 1077 3613 ,

176 3638 1079 3717 (1)H0tringer‚rv111pM131513631369Jqq

137 3735 210 3792 alibi
230 3736 322 3813 ClJ.
346 3749 373 3788 v.
398 3733 561 3808 Miller,
583 3735 611 3793 ΙΙ
636 3732 670 3795 Τ·
691 3734 740 3800 ΙΙΙ·
759 3748 787 3806 p
807 3747 871 3805 409
892 3730 933 3807 sq·
954 3733 1080 3806 TmVp·

135 3844 202 3904 293·
221 3825 282 3921 sno
299 3842 365 3901 2¹2·-
384 3826 444 3904 sm·
