2438 4426
522 240 705 329 (aaa)

132 448 163 493 ct
177 430 352 515 lupinam
362 428 489 507 ,tareth
502 422 613 505 sabas
625 430 710 491 erit:
726 430 784 514 qna·
802 447 874 495 etro
892 445 950 493 non
971 424 1074 493 creat·

132 534 239 603 arr-u„
267 532 486 599 Meae:
513 549 583 595 nam
610 532 672 597 hoc
695 530 807 595 adtritis
822 530 905 607 dici,
925 547 988 595 non
1005 530 1073 609 eis,

134 640 187 717 utu
208 640 309 703 audire
324 649 500 717 mentum,
521 654 584 700 non
600 655 675 718 ergo
689 636 778 717 posse
793 633 924 699 intimes
952 654 969 698 a
991 653 1076 700 cont·

134 744 218 809 urum
252 742 345 809 litlttte
365 741 468 818 relic-i,
497 740 551 803 eo's
581 741 777 820 praesertim,
807 740 860 821 qui
885 758 902 802 a
935 737 1076 804 fidelibus

132 846 274 927 prognati
296 846 385 911 litat:
405 863 474 911 nam
498 844 614 924 alioqui
638 844 843 913 conditionem
872 862 977 909 cotom
995 846 1078 909 dete·

133 948 244 1015 rioruu
280 947 434 1026 lictorem,
472 966 561 1028 quam
596 951 722 1013 carnalis
752 949 880 1016 israelis.
938 948 970 1014 si
1001 966 1077 1030 ergo

133 1054 378 1121 Christianorum
394 1052 480 1117 liberi
499 1050 577 1115 haud
592 1049 694 1115 minus
709 1053 767 1118 Dei
778 1053 852 1128 lint,
876 1071 963 1132 quam
983 1053 1080 1117 israe·

132 1157 276 1229 litatum,
296 1155 367 1233 quis
382 1176 436 1219 eos
453 1173 536 1220 vetet
546 1153 691 1229 baptizari
712 1156 794 1220 iuxta
816 1156 897 1221 Petri
920 1155 1079 1223 verbum?

131 1254 204 1319 Aac.
226 1275 276 1321 ιο.
292 1254 371 1319 nihil
386 1257 424 1320 de
438 1256 601 1336 pertinacia
617 1258 771 1322 mutant.”
786 1260 858 1343 (1).

431 1479 463 1545 3.
484 1458 535 1528 De
563 1410 778 1527 Eucliaristia.

179 1723 204 1763 ,‚
227 1675 445 1758 Brixaataaiae
463 1692 575 1744 nomen
594 1678 707 1746 Graeci
723 1680 873 1745 dederont
888 1695 1002 1744 coenae
1021 1678 1081 1744 do·

131 1784 259 1851 minicae
289 1784 411 1849 indubie
439 1784 494 1848 hac
517 1782 622 1861 causa,
649 1784 733 1863 quod
759 1799 816 1848 tam
844 1802 881 1847 ex
905 1784 963 1848 ilde
986 1797 1079 1863 quarn
1119 1820 1125 1825 -

132 1891 299 1955 verborum
313 1887 432 1955 Christi
447 1887 656 1969 Apostolique
671 1887 702 1952 vi
720 1888 942 1968 intelligerent,
972 1888 1081 1953 Chris·

134 2009 200 2060 tum
225 1994 281 2058 hac
303 2011 400 2060 coena
423 1993 555 2058 voluisse
579 1995 738 2058 iucundam
758 1991 802 2071 sui
819 1992 1081 2056 commemoratio·

108 2164 110 2169 .
135 2117 205 2163 nem
216 2097 484 2180 aerumnasque
494 2096 614 2178 ptrince
623 2096 727 2161 haberi
738 2115 794 2176 pro
805 2097 976 2176 beneficio,
995 2096 1081 2176 quod

134 2200 169 2266 in
189 2187 248 2267 n'os
263 2203 426 2268 liberaliter
442 2201 602 2283 expendite
626 2213 673 2266 est
692 2199 773 2263 enim
790 2199 994 2264 Eucharistia
1013 2218 1081 2280 gra·

134 2306 242 2372 ciarum
258 2309 349 2372 actio.
382 2305 455 2391 .Qui
473 2323 565 2387 ergo,
587 2305 618 2368 in
634 2303 690 2368 hac
713 2304 833 2382 publica
855 2301 1013 2384 gratiarum
1031 2319 1081 2365 ac·

132 2411 218 2475 tione
237 2408 413 2488 interesset,
434 2410 492 2473 toti
507 2410 537 2473 se
554 2406 708 2475 Ecclesiae
734 2408 897 2485 probaret,
920 2414 1080 2470 excocunt

133 2511 197 2578 esse
212 2531 362 2594 numero,
385 2512 438 2595 qui
455 2513 583 2581 Christo
596 2528 653 2592 pro
667 2510 760 2575 nobis
776 2509 911 2588 exposito
936 2508 1078 2573 liderenti

134 2624 234 2692 eq'uo
260 2616 289 2678 se
313 2633 440 2679 numero
467 2616 618 2688 eximere,
639 2613 820 2690 subducere,
849 2626 903 2674 aut
928 2614 1080 2690 alienare,

132 2717 195 2784 srve
221 2716 408 2791 desertione,
441 2714 500 2779 sive
530 2705 711 2792 impuritate⁴
729 2712 831 2789 vitae,
859 2712 975 2780 summa
1002 2715 1082 2780 essct

135 2815 269 2900 perfidia.
313 2819 404 2882 Unde
426 2833 456 2880 et
476 2816 649 2880 communio
672 2818 722 2882 vel
750 2819 1091 2903 communicationum

133 2923 262 2991 Paulum
279 2939 293 2983 1
312 2916 382 2985 Car.
406 2931 615 2983 100v0catul'.
658 2919 741 2986 Hinc
763 2922 850 2985 etiam
873 2923 1081 2989 excommuni-

137 3026 240 3104 catio,
269 3044 365 3106 quum
386 3022 498 3090 scilicet
527 3022 616 3088 alicui
635 3022 803 3108 negabatur
825 3029 863 3091 ad
884 3027 962 3092 hanc
986 3026 1082 3095 fidelit-
1109 3107 1112 3113 Ι

138 3153 192 3200 utn
211 3129 516 3197 communicationem
531 3128 690 3208 accessus,
710 3146 838 3211 propter
862 3130 941 3196 vitae
963 3122 1081 3211 'spurci-

137 3239 222 3303 tiatn.
274 3236 430 3300 Tenemus
457 3251 530 3315 ergo
565 3233 642 3298 banc
671 3235 758 3300 vocis
797 3231 1080 3316 significationem·

137 3345 191 3409 Ad
206 3344 307 3407 locum
322 3340 431 3404 Iouna.
451 3340 488 3420 Ι6.
506 3338 563 3401 rite
590 3337 841 3422 intelligendum,
863 3339 1079 3406 observandum

1011 3457 1081 3521 est,

177 3569 231 3646 (1)
251 3566 479 3640 Zuinglius
497 3563 558 3621 data
580 3578 664 3638 opera
686 3560 827 3623 infantium
854 3562 1016 3642 baptismum
1033 3586 1081 3627 va-

140 3664 187 3720 riis
210 3663 376 3735 argumentis
406 3659 553 3717 vindicavit
571 3660 598 3716 io
617 3661 708 3718 libro:
737 3661 773 3719 de
789 3663 939 3736 baptismo,
957 3667 1081 3740 anabola

139 3765 214 3820 cismo
235 3768 264 3814 et
285 3754 421 3828 limatum
439 3755 577 3829 baptimo.
596 3753 654 3830 Op.
675 3752 711 3817 t.
729 3754 768 3815 ll.
786 3771 817 3830 p.
832 3756 924 3830 ςω.
