2438 4426
520 277 701 359 (102)

130 457 291 541 mann);
318 467 395 541 q'uae
410 455 510 523 versro
524 460 614 542 plane
628 459 764 527 absoluta
779 458 841 528 Aa
856 466 936 545 152'9
952 461 1008 527 iam
1021 452 1082 527 ex·

130 563 225 631 stabat
245 565 315 647 (1).
1071 556 1077 563 ’

176 669 378 751 lntelligimus
394 665 452 733 iam
469 688 507 734 ex
525 669 617 736 hacce
634 670 783 737 librorum
798 667 873 735 serie
896 668 1084 753 Zuingli-

131 793 194 840 um
215 793 278 839 non
302 788 363 835 uno
388 775 506 851 modo,
528 773 580 838 sed
604 773 694 836 variis
716 775 774 838 illis
798 766 983 858 argumentis
1003 789 1083 842 trac·

132 879 252 957 randis,
273 876 436 942 Sacrorum
459 876 676 943 Emendationi
693 897 756 942 non
771 880 908 961 potuisse
928 899 992 945 non
1010 897 1085 960 pro·

134 982 232 1049 desse.
275 981 525 1068 Quibrr'scunque
548 982 627 1048 enim
650 983 801 1048 Ecclesiae
824 973 980 1050 Romanae
1000 1003 1086 1048 erro·

132 1086 218 1155 ribus
233 1082 293 1149 sese
312 1083 476 1166 opposuit,
496 1099 527 1150 et
545 1106 623 1168 quae
638 1086 731 1170 docet
749 1087 783 1152 S.
801 1089 931 1167 Codex,
953 1085 1090 1152 homini·

134 1191 194 1257 bus
211 1187 375 1270 proposuit
396 1203 426 1254 et
443 1191 678 1258 commendavit.
722 1191 865 1272 Namque
884 1209 948 1254 non
964 1205 1087 1255 tantum

134 1291 276 1364 universe
307 1311 515 1377 quoscunque
537 1295 687 1365 Ecclefiae
709 1296 866 1360 Romanae
890 1309 1004 1356 errores
1029 1295 1088 1355 ad·

134 1411 221 1465 ortus
236 1410 312 1477 est,
324 1417 428 1482 neque
444 1400 524 1469 varia
538 1418 654 1467 tantum
670 1399 839 1482 Religionis
855 1396 973 1461 divinae
990 1395 1088 1477 placi-

134 1516 194 1581 ta,
208 1501 241 1567 in
256 1503 339 1571 Cod.
366 1505 400 1573 S.
418 1506 529 1585 obvia,
549 1506 581 1571 in
598 1505 768 1586 systematis
787 1504 923 1569 ordinem
943 1500 1085 1584 redegit,

136 1607 236 1673 veluti
264 1607 296 1673 in
330 1609 551 1676 Commentario
579 1609 617 1674 dr
639 1629 716 1677 uara
742 1623 772 1673 rt
785 1608 876 1693 falfa
901 1606 1085 1692 Religionr,

135 1709 169 1774 in
201 1707 328 1794 Isagoga
355 1716 390 1778 in
412 1736 526 1800 cuang.
555 1714 748 1793 doctrinam,
779 1714 906 1794 aliisque
924 1714 955 1777 in
975 1712 1085 1791 libris,

134 1810 186 1879 sed
200 1811 232 1877 in
249 1833 288 1878 eo
306 1817 436 1883 maxime
449 1816 530 1884 suam
544 1820 708 1885 collocavit
723 1839 867 1902 operam,
890 1832 925 1884 ut
939 1819 1086 1884 nonnulla

135 1915 266 2000 placita,
288 1919 438 2003 imprimis
458 1924 583 2002 vitiata,
603 1945 680 2007 pure
696 1940 728 1991 et
749 1927 879 1994 dilucide
897 1918 1086 2010 exponeret,

136 2037 170 2087 et
185 2024 223 2089 ab
239 2025 399 2094 hominum
412 2031 592 2095 commentis
612 2032 788 2098 vindicaret.
832 2032 877 2097 Ita
897 2049 929 2094 v.
946 2048 974 2094 c.
993 2046 1089 2108 pecu·

137 2127 250 2194 liariter
266 2130 330 2214 egit
355 2135 393 2200 de
423 2154 495 2201 vera
521 2136 697 2204 Christiana
717 2132 873 2214 libertate,
896 2137 934 2202 de
956 2132 1089 2215 legendo

139 2234 176 2299 S.
187 2237 291 2318 Cori„
309 2238 348 2303 de
362 2238 396 2305 S.
406 2239 440 2306 S.
457 2240 623 2307 Librorum
642 2241 871 2322 perspicuitate,
895 2239 931 2301 de
944 2233 1090 2302 coenosa·

138 2356 213 2421 cra,
234 2342 271 2406 de
285 2341 458 2409 discrimine
474 2346 616 2410 virtutem
640 2347 720 2409 inter
743 2359 776 2408 et
799 2342 1002 2423 legalitatem,
1025 2353 1087 2404 etc.

139 2447 289 2529 Perquam
307 2464 406 2516 autem
423 2450 487 2517 esse
501 2451 723 2527 necessarium,
745 2461 780 2514 ut
797 2458 903 2510 contra
920 2445 1043 2508 iniurias
1060 2457 1092 2506 et

140 2550 307 2617 calumnias
323 2551 405 2620 suam
423 2569 561 2622 tueretur
575 2555 710 2628 causam,
732 2567 816 2616 recte
830 2548 924 2612 vidit:
948 2564 1038 2624 quam
1058 2543 1091 2609 in

139 2672 206 2717 rem
224 2655 460 2727 valuerunteius
475 2659 650 2748 Apologia,
665 2655 821 2744 Responfio
834 2650 879 2718 ad
891 2644 1093 2735 Valentinum

139 2755 340 2844 Campanam,
362 2763 481 2847 aliaque
494 2766 560 2832 eius
576 2764 696 2847 scripta.
741 2763 895 2827 Praeterea
912 2755 1093 2838 quorumvis

139 2859 301 2929 hominum
322 2868 470 2937 rationem
493 2870 599 2938 habuit
622 2889 690 2935 cum
715 2864 905 2932 Clericorum
928 2875 960 2925 et
981 2854 1093 2924 ιιοῑιὶῐί·Ι

139 2985 216 3047 um,
237 2980 303 3035 tum
311 2969 460 3054 imprimis
472 2977 559 3040 etiam
573 2972 765 3057 plebeiorum
780 2982 811 3033 et
825 2966 1025 3032 incultorum.
1047 2964 1093 3027 lta

141 3073 221 3140 enim
244 3074 275 3139 in
294 3070 497 3145 clericorum
519 3077 695 3160 conscripsrt
727 3072 923 3139 commodum
947 3064 1094 3151 isagogen

140 3178 226 3246 fuam
242 3196 275 3246 et
288 3183 467 3263 Pastorem,
489 3185 603 3266 quibus
614 3183 690 3266 quid
701 3183 834 3258 docere,
856 3168 888 3239 et
904 3192 981 3256 quae
997 3170 1093 3236 officia

140 3285 293 3366 praestare
316 3288 479 3364 deberem,
511 3290 609 3368 probe
643 3286 771 3372 possent
796 3297 995 3363 cognoscere.
1048 3277 1094 3341 Ita

140 3387 211 3461 suae
227 3392 264 3455 ad
281 3389 449 3457 Civitamm
466 3392 682 3458 Moderatores
703 3393 789 3457 datae
796 3379 978 3475 paraeneses
995 3401 1033 3447 eo
1048 3395 1095 3447 te·

141 3495 329 3578 tenderunt,
352 3512 388 3562 ut
408 3515 509 3563 vemm
532 3496 571 3564 iis
601 3497 680 3563 viam
702 3490 899 3573 monstraret,
921 3484 989 3572 qua
1009 3487 1095 3591 cives

1055 3588 1094 3654 ad

173 3710 237 3808 Ι(ι)
256 3698 321 3794 uid.
340 3732 503 3816 Jolrann
521 3732 606 3792 Leu
625 3726 698 3803 apud
714 3729 742 3790 S.
761 3691 888 3801 Hera,
911 3727 933 3786 l.
955 3724 974 3786 l.
998 3718 1026 3781 S·
1048 3730 1102 3815 4¹3,

143 3825 691 3909 Ruebat,ut.u.1.p.297sa·
