2438 4426
506 290 717 450 (¹⁶³),

132 557 206 634 dio,
229 573 297 621 cum
324 554 354 619 se
377 552 469 617 ritum
488 549 644 616 observare
665 551 789 630 inficiari
805 554 934 636 nequit,
956 577 1020 639 quo
1042 557 1073 626 se

131 673 221 744 putat
237 657 367 724 mortuis
390 654 545 736 prodesse.
587 655 680 722 Unde
704 657 878 739 colligitur:
901 681 973 743 ergo
993 685 1075 729 mor-

133 773 257 829 tnotum
273 762 387 826 animae
401 759 529 823 vimntz
547 759 621 822 estis
640 758 721 823 enim
738 764 797 841 p'ro
812 763 857 826 eis
868 763 999 831 liillleiti.¹
1040 769 1075 832 Si

134 886 212 935 vero
227 884 309 932 nunc
323 866 425 938 dicas,
446 862 541 929 videri
557 862 612 927 tibi
629 865 755 929 Paulum
769 869 882 933 coloci
897 868 934 933 de
952 873 1075 950 publica

135 971 352 1038 resurreetione
388 967 498 1049 loqui3
532 965 732 1047 Respondeoa
763 988 812 1034 me
842 976 906 1036 uon
930 972 1078 1055 inficiari,

136 1091 263 1158 propter
287 1071 424 1136 omnium
448 1072 609 1135 doctorum
633 1071 725 1134 huius
748 1074 810 1139 loci
835 1075 1076 1158 expositionem,

136 1179 326 1258 Apostolum
339 1178 377 1240 de
392 1187 521 1252 utraque
536 1171 754 1241 resurrectione
772 1179 945 1260 promiscue
969 1183 1074 1262 loquis

136 1283 214 1350 sicut
227 1296 257 1346 et
272 1279 439 1357 Christus,
458 1278 578 1341 Marto.
598 1297 649 1358 24t
666 1284 840 1361 promiscue
864 1299 897 1349 et
918 1287 958 1350 de
971 1287 1081 1352 ultimo

137 1388 270 1452 adventu
289 1383 364 1463 suo,
384 1397 414 1447 et
429 1384 467 1447 de
491 1381 550 1460 iis,
570 1401 648 1461 quae
666 1405 721 1464 per
744 1405 809 1450 eam
830 1402 977 1467 aetatem,
998 1411 1079 1471 quae

138 1506 184 1557 est
205 1491 286 1555 inter
306 1488 439 1568 priorem
462 1484 529 1552 eius
545 1487 706 1552 adventum
728 1509 764 1554 ac
785 1488 969 1572 secundum,
991 1511 1081 1558 even-

139 1611 207 1661 tura
223 1593 313 1671 iunt,
335 1592 479 1673 pleraque
497 1589 625 1654 disserit.
671 1593 714 1657 Ut
738 1592 857 1660 interim
874 1612 939 1660 non
962 1596 1079 1678 dicam,

140 1719 218 1783 quae
239 1699 353 1763 Paulus
375 1694 407 1759 iu
432 1695 493 1759 hoc
518 1697 590 1760 loco
609 1693 647 1758 de
666 1714 796 1776 corpore
821 1697 965 1780 spirituali
985 1701 1081 1782 dicit,

140 1803 230 1886 posse
245 1803 284 1864 de
300 1799 397 1866 anima
413 1797 538 1878 potius,
559 1816 650 1878 quam
665 1819 795 1880 corpore
818 1801 948 1870 senfibili
973 1805 1082 1870 intelli-

142 1908 193 1990 gi:
215 1905 292 1970 ficut
305 1919 334 1967 et
349 1900 407 1967 alio
423 1900 493 1965 loco
511 1887 601 1965 dicite
624 1904 658 1966 in'
677 1904 797 1968 Christo
813 1909 955 1972 habitare
967 1932 1081 1974 omnem

135 2011 357 2102 plemtudinem
372 2010 545 2076 diuinitatis
560 2008 783 2091 corporaliter,
802 2027 867 2073 non
890 2013 975 2092 quod
996 2014 1082 2078 Deus

142 2118 180 2183 fit
193 2137 328 2197 corpus,
350 2113 402 2179 led
423 2115 507 2193 quod
522 2130 637 2192 eorpus
657 2096 813 2192 Apostolo
837 2115 1000 2194 accipiatur
1023 2135 1082 2196 pro

144 2221 293 2300 essentia,
312 2219 449 2297 velitque
466 2217 585 2293 dicere,
605 2234 662 2296 per
678 2215 834 2282 essentiam
851 2219 1009 2284 Christum
1019 2203 1084 2288 mse
1133 2215 1136 2218 ’

142 2317 256 2393 Deum.
300 2323 385 2388 Sicut
401 2321 583 2386 Germanice
600 2320 882 2400 quoqucdicimus':
905 2343 941 2388 er
953 2325 1007 2386 ists
1021 2308 1090 2410 l'ypss

144 2431 225 2510 lich,
247 2429 361 2505 idest,
383 2425 445 2505 ipse
461 2426 509 2489 vel
526 2421 687 2506 ipsissimus
708 2437 755 2486 est
772 2424 869 2489 Deus.
913 2423 1086 2492 Consimili.

144 2555 206 2617 que
220 2533 268 2597 hic
285 2533 378 2597 modo
396 2529 495 2606 dicat,
517 2529 644 2593 moritur
661 2547 776 2610 corpus
799 2526 925 2593 animale
944 2525 1004 2595 sive
1024 2516 1091 2597 terss

143 2659 271 2717 renum,
293 2654 324 2701 et
341 2633 488 2716 resurgit,
508 2633 569 2696 hoc
586 2649 635 2698 est
647 2637 744 2712 uiuit,
765 2648 886 2699 mortuo
903 2633 1012 2700 scilicet
1027 2652 1088 2701 ter·

143 2724 385 2824 reno'corpore,
404 2756 519 2817 corpus
533 2736 707 2818 spirituale,
728 2737 788 2803 hoc
814 2752 862 2802 est
883 2737 946 2820 ipsa
970 2740 1087 2806 animae

143 2846 317 2914 substantia.
361 2843 423 2908 Sed
439 2844 583 2923 quoniam
597 2845 692 2906 multa
701 2841 841 2908 videntur
856 2841 989 2919 obstare,
1007 2833 1095 2922 quae'

101 2944 104 2947 ’
145 2950 237 3015 isthic
251 2948 312 3012 loci
327 2948 496 3023 habentur,
517 2944 593 3010 nihil
612 2959 726 3009 temere
745 2945 870 3011 adsero:
893 2942 979 3008 simul
995 2947 1088 3011 etiam

146 3072 186 3119 ne
206 3052 309 3116 videar
324 3046 512 3116 Manichaeis
533 3045 765 3121 adhaerescere,
795 3043 850 3126 qni
872 3059 1086 3122 mortuorum,

147 3156 209 3220 hoc
225 3149 401 3230 est'carnts,
419 3151 667 3218 resurrectionem
689 3151 811 3228 negant.
834 3136 921 3234 Quae
937 3163 1037 3215 tamen
1053 3167 1091 3214 ex

146 3259 215 3324 aliis
228 3258 352 3338 probari
368 3258 443 3320 locis
459 3253 582 3336 posset,
604 3249 714 3315 etiamfi
731 3249 788 3314 iste
804 3252 892 3314 locus
908 3251 948 3317 de
964 3249 1091 3315 immor·

148 3362 261 3430 talitate
275 3361 391 3427 animae
407 3375 525 3425 tantum
547 3353 806 3439 intelligeretur?
818 3355 877 3438 (1)
1027 3419 1060 3507 h
1076 3444 1095 3453 ..

1061 3456 1091 3504 m

187 3608 325 3687 (ovid
349 3609 501 3680 Elenchtms
531 3577 559 3668 in
590 3610 839 3682 Catabaptiuarum
870 3564 1004 3679 Stropbat.
1021 3604 1091 3682 Epp.

151 3707 313 3777 Zuingl.
325 3710 607 3776 etOecolamp.
629 3719 733 3778 p..112
751 3697 968 3770 Zuinglii,
986 3701 1089 3776 Op.T

151 3790 1008 3900 il.p.38..a1ctnpp1lprpApoopatnnpt
1037 3798 1097 3867 lpa

131 3863 1090 3992 ‘OpTlllp247bProoemrordorJWOp'l'lV

588 3987 616 4049 L
640 4005 659 4048 2
1055 4002 1094 4060 p.
