2438 4426
528 271 712 356 (132)

204 453 411 532 „Peccatum
433 467 536 519 autem
560 452 694 519 bifariam
718 453 749 517 in
770 455 956 537 Euangeliou
972 457 1112 528 doctrina

165 557 326 639 accipitur.
370 561 505 625 Primum
519 578 577 642 pro
594 558 703 624 morbo
722 555 806 635 isto,
828 580 917 639 quern
935 582 972 625 cx
990 564 1111 643 generis

162 664 293 729 authore
322 664 552 742 contrahimus,
588 681 652 742 quo
680 663 775 726 amori
800 665 897 729 nostri
925 668 1037 732 addicti
1061 669 1113 734 fu·

160 786 244 835 tuus.
268 772 349 837 Eum
375 772 516 834 morbum
537 764 679 847 intelligit
701 767 835 844 Paulus,
864 768 955 835 Rom.
976 791 1013 850 7:
1043 775 1112 836 iam

161 894 223 938 non
238 894 291 958 ego
304 891 412 962 operor
426 889 485 937 etc.
535 870 696 935 Peccatum
718 890 793 953 ergo
813 873 893 952 hoc,
917 874 947 939 id
970 886 1018 938 est
1037 873 1129 949 viti„

157 997 236 1059 um,
257 982 382 1045 morbus
396 991 445 1041 est
460 989 610 1057 cognatus
623 975 736 1054 nobis,
758 994 823 1056 quo
840 977 977 1058 frigimus
987 1014 991 1021 ·
1001 994 1109 1060 aspera

159 1099 192 1147 et
212 1085 332 1166 gravia,
353 1080 501 1144 sectamur
522 1077 652 1143 iucunda
676 1093 708 1141 et
729 1080 912 1160 voluptuosa
938 1084 1007 1166 (1).
1050 1083 1108 1147 Se·

157 1189 260 1250 cundo
285 1187 356 1248 loco
390 1183 538 1263 accipitur
557 1195 714 1263 peccatum
730 1202 788 1263 pro
805 1203 863 1258 e0,
886 1189 970 1264 quod
997 1200 1107 1250 contra

157 1292 255 1369 legem
278 1286 334 1365 fit,
366 1299 403 1350 ut
426 1303 482 1366 per
504 1285 603 1365 legem
619 1287 756 1367 cognitio
781 1290 917 1367 peccati,
945 1287 1037 1352 Rom.
1071 1309 1104 1367 7.

154 1391 248 1458 Actio
261 1407 347 1472 ,ergo
372 1408 574 1471 quaecunque
594 1390 737 1469 tandem,
758 1409 836 1471 quae
863 1406 969 1456 contra
999 1395 1102 1474 legem
1155 1378 1158 1381 ⁵

156 1493 214 1576 fit,
229 1509 386 1582 peccatum
403 1492 608 1578 adpellatur.”

197 1631 226 1648 -
251 1646 271 1678 „
290 1600 428 1664 Liberati
454 1598 556 1663 {umus
579 1617 596 1660 a
622 1599 710 1678 lege,
731 1615 800 1661 cum
816 1597 890 1681 legis
910 1600 1015 1660 timori
1031 1599 1102 1663 cha·
1175 1628 1178 1635 ·

154 1705 227 1768 ritas
248 1701 403 1782 surrogata
427 1718 485 1766 cst.
549 1700 613 1787 Qui
631 1715 732 1776 amat,
754 1701 848 1764 libere
871 1700 971 1764 omnia
1004 1699 1098 1780 facit,

47 1794 53 1801 ’
154 1806 242 1872 etiam
263 1803 455 1885 gravissima,
484 1803 575 1868 Rom.
597 1823 628 1883 7.
650 1838 680 1850 -
700 1803 836 1867 Liberati
866 1802 968 1869 sumus
990 1803 1099 1870 iterum

152 1909 327 1976 avendum
348 1909 442 1992 legis,
463 1926 533 1972 uam
560 1907 705 1974 Christus
730 1926 794 1971 eam
826 1909 991 1986 mulctam,
1022 1929 1100 1989 quae

153 2014 247 2080 nobis
270 2033 329 2096 pro
352 2013 484 2094 peccatis
506 2011 621 2076 nostris
643 2010 832 2090 debebatur,
853 2014 904 2078 sua
931 2011 1098 2079 calamitate

152 2117 261 2183 solvit:
283 2138 301 2182 a
316 2134 443 2199 peccato
458 2136 532 2182 vero
546 2121 698 2197 quatenus
716 2116 844 2180 morbus
859 2131 916 2180 est·
928 2115 965 2180 src
982 2118 1099 2184 liberari

153 2222 278 2303 sumus,
300 2219 751 2301 utnoccreampliusncqueat‚
774 2219 1098 2287 fiChristofidimus.”

195 2327 260 2413 Qui
279 2325 351 2401 fiat,
371 2340 408 2390 ut
426 2325 470 2400 ii,
491 2323 591 2404 quiin
613 2320 743 2399 Christo
764 2320 856 2399 sunt,
879 2326 967 2387 etiam
987 2324 1007 2388 s1
1026 2347 1097 2406 pcc·

155 2446 247 2508 cent,
264 2446 442 2494 nontamen
460 2429 659 2501 damnentur,
681 2426 773 2487 docet
789 2425 983 2505 Apostolus,
1004 2429 1095 2494 Rom.

154 2537 236 2597 6·8.
302 2534 406 2618 „Qui
432 2532 561 2598 Christo
585 2528 705 2602 fidunt,
743 2529 818 2593 novi
845 2531 985 2595 homines
1022 2531 1097 2597 facti

151 2636 239 2701 sunta
260 2669 288 2682 -
311 2652 413 2699 manet
438 2636 579 2716 quidem,
610 2631 753 2712 qttamdiu
778 2632 874 2695 hocce
895 2652 1025 2713 corpore
1051 2636 1096 2696 in-

152 2737 219 2804 duti
248 2736 371 2817 sumus,
400 2738 613 2803 haereditarius
636 2735 722 2800 fiunti
749 2735 876 2798 morbus
887 2735 924 2813 ;”
956 2753 986 2800 at
1009 2757 1095 2802 mens
1141 2805 1144 2811 ,

153 2856 198 2907 est
214 2838 380 2905 instaurata.
402 2875 431 2889 -
456 2887 477 2921 „
492 2842 575 2907 Haec
590 2855 636 2903 est
651 2856 725 2920 ergo
734 2837 907 2904 Christiana
921 2840 1004 2922 vita,
1025 2863 1095 2908 cum

152 2943 222 3026 spes
236 2943 267 3007 iu
279 2944 382 3009 Deum
396 2964 454 3026 per
476 2945 634 3011 Christum
656 2960 812 3021 nunquam
839 2942 984 3023 labascit,
1005 2948 1095 3012 etiam

151 3047 292 3114 fihomo
319 3067 373 3128 per
396 3047 597 3113 infirmiutem
622 3043 859 3125 carnisabsque
882 3065 1007 3126 peccato
1028 3071 1093 3117 non

151 3152 208 3229 srt,
230 3167 330 3216 tamen
354 3150 410 3216 hac
434 3167 493 3214 una
512 3149 626 3215 ratione
653 3150 792 3229 superet,
815 3153 899 3227 quod
921 3149 951 3215 se
982 3157 1008 3216 ei
1030 3172 1094 3217 uon

150 3256 253 3333 dudit,
274 3255 326 3322 sed
348 3256 592 3337 quotiescunque
622 3255 744 3320 tandem
777 3257 881 3337 cadat,
910 3254 1024 3339 semper
1047 3279 1093 3322 rc·

152 3356 284 3442 surgit.”
906 3411 908 3415 .
1005 3400 1008 3405 -

1054 3463 1087 3523 4.

184 3568 204 3644 (
206 3568 239 3642 1)
257 3569 332 3627 Alibi
348 3568 415 3626 illud
428 3582 568 3643 peccatum
589 3581 672 3627 vocat
689 3572 881 3641 contagionem,
902 3569 1090 3646 propenſsouem

145 3662 186 3722 al
198 3675 359 3735 peccatum,
383 3661 488 3736 futtern
507 3668 633 3738 peccati,
662 3679 712 3718 narr
724 3675 864 3735 peccatum
881 3661 987 3738 ipsam,
1013 3662 1090 3737 quod

147 3770 209 3812 cum
226 3760 302 3830 culpa
322 3759 501 3816 coniunctum
517 3772 582 3818 est.
639 3756 687 3814 Cf.
712 3756 800 3810 breuis
821 3768 859 3822 et,
864 3759 916 3830 pia
939 3755 1010 3829 Isag.
1032 3757 1089 3826 Op.

146 3846 184 3910 Τ.
203 3851 226 3910 l.
242 3865 271 3924 p.
289 3851 356 3925 265.
392 3852 480 3913 Libet
500 3853 534 3912 de
550 3853 661 3913 Peccata
678 3851 755 3921 Orig.
773 3847 828 3919 Op.
847 3847 881 3907 T.
900 3848 937 3907 11.
954 3863 983 3918 p.
1006 3846 1067 3904 116.
1193 3838 1197 3843 “
