2438 4426
514 179 696 267 (te-i)

140 362 243 429 citiam
269 362 361 429 eden
381 362 433 428 iiie
453 370 606 433 contraxit
621 388 692 436 cum
713 372 882 438 Erasmo
907 369 1087 439 notemu-

137 463 255 545 menn,
276 486 317 532 eo
332 482 469 549 tempore
484 470 610 537 bassim
626 473 718 539 uitam
733 475 874 556 degenti,
894 475 946 541 cui
963 474 997 540 in
1010 494 1084 540 con·

143 571 284 637 ficieodis
301 576 336 637 in
358 573 407 640 N.
425 573 461 638 T.
486 577 728 645 annotationibus
745 576 828 645 suam
845 568 995 662 praestitit
1010 594 1081 657 ope·

142 694 225 754 ram,
259 679 515 760 quamadmodum
543 681 609 764 ipiie
637 684 830 751 Erasmus
859 694 987 746 testetur
1020 694 1079 748 est.

143 781 196 847 Ab
221 783 327 849 eodem
351 783 444 865 igitur
468 785 564 852 hocce
580 786 676 852 veluti
693 799 886 868 praeceptore
908 797 938 847 et
959 783 1080 850 Zuin·

144 886 307 967 glius-et
326 886 664 975 Oeeoiempadlu'a
688 891 818 955 multum
838 885 1002 971 profecisse
1022 887 1078 954 dici

138 989 283 1072 possunt.
333 994 370 1063 Iu
391 1013 428 1060 eo
452 1010 554 1062 autem
585 995 682 1061 multo
715 993 810 1077 magis
845 1007 1079 1072 convenerunt,

143 1098 229 1175 quod
246 1096 378 1163 divinam
395 1100 562 1167 doctrinam
582 1101 661 1165 bene
684 1097 738 1181 ipsr
753 1097 919 1180 intelligere
933 1114 1079 1162 contren-
1166 1154 1169 1159 ,

140 1211 209 1274 tur,
242 1212 274 1262 et
296 1199 479 1269 intellectam
502 1207 578 1268 aiios
603 1204 735 1280 docere,
764 1201 907 1284 suamque
934 1200 1080 1268 sentiendi

139 1299 307 1380 agendique
324 1303 471 1366 rationem
497 1311 534 1371 ad
556 1305 674 1370 Christi
693 1308 864 1384 exemplum
881 1323 1077 1386 componore.

140 1404 190 1475 De
209 1404 299 1469 rebus
317 1404 551 1486 quibuscunque
564 1405 688 1473 alicuius
701 1407 846 1468 momenti
875 1408 956 1472 inter
979 1408 1008 1473 se
1033 1409 1083 1476 in,

140 1507 238 1576 vicero
254 1504 409 1583 consiliunt
428 1509 607 1572 babuerunt.
653 1509 769 1573 Contra
788 1508 968 1589 aduersarios
993 1532 1083 1592 corn.

140 1632 264 1684 inuitem
286 1634 347 1679 rem
367 1626 504 1692 egenter.
549 1609 604 1676 Uti
619 1625 718 1674 autern
741 1610 964 1691 Zuininus
986 1615 1082 1695 inge.

138 1717 182 1781 nii
195 1732 281 1781 aestu
308 1713 431 1777 subinde
447 1715 672 1794 abripiebatur,
692 1714 734 1779 ita
755 1709 866 1778 mitiori
882 1715 1078 1798 potissimum

136 1818 253 1882 rodone
304 1818 488 1896 procedebat
530 1819 881 1900 oecolampadius.
945 1810 1079 1900 „Vitae

133 1921 256 1990 curium
277 1920 379 1988 'tenuit
402 1939 549 2005 perpetuo
572 1925 619 1988 vir
643 1923 844 1990 sanctisnmus
862 1943 988 2004 verum,
1009 1922 1079 1990 srm.

137 2025 267 2109 picem,
296 2022 467 2109 sincerum,
496 2046 600 2111 aptum
625 2031 747 2114 pietati,
773 2029 944 2111 eppoiitum
970 2028 1078 2098 iuvan-

137 2132 187 2198 dis
204 2131 401 2216 hominibus,
422 2139 635 2216 promovendo
652 2154 746 2219 regno
768 2133 846 2214 Dei,
868 2135 1077 2215 impugnando

136 2234 261 2299 &tanae
277 2237 445 2305 molimina.
487 2242 541 2306 Illa
557 2244 656 2306 eadem
676 2243 752 2305 ratio
775 2237 914 2302 morienti
933 2257 988 2320 per
1011 2258 1079 2303 otn-

71 2384 76 2393 -
134 2339 186 2419 nit
209 2341 346 2419 constitit
370 2342 520 2428 immota,
553 2362 652 2428 corta,
682 2344 907 2421 invniabrris.”
956 2342 1077 2430 Ingenii

1022 2465 1075 2512 vo·

135 2649 167 2694 et
188 2632 298 2695 timidus
321 2638 374 2696 fnit
396 2638 488 2704 homo.
525 2622 590 2710 Qo'o
612 2639 734 2705 factum,
752 2651 783 2697 ut
805 2635 944 2699 confilium
964 2635 1078 2707 ceperit

136 2726 273 2789 secedere
293 2731 319 2793 in
339 2733 447 2800 locum,
466 2731 498 2795 ab
515 2730 654 2790 hominurn
676 2731 738 2790 fere
762 2730 899 2789 consortio
921 2743 1077 2802 remotum²

132 2840 193 2898 quo
216 2822 307 2887 studiis
330 2838 450 2887 vacaret.
499 2826 594 2892 [tuque
617 2837 669 2900 per
691 2821 830 2891 biennium
853 2823 880 2879 in
909 2824 1079 2889 monasterio

72 2987 76 2991 ⁴
132 2919 242 2985 tritonis
265 2931 446 2981 commoratus
466 2931 530 2986 este
549 2930 606 2980 turn
621 2910 760 2987 veto‚'ut
781 2920 930 2982 amicorum
952 2917 1078 2985 admoni-

136 3014 257 3078 tionibus
277 3008 385 3077 tandem'
403 3000 591 3081 satisfaceret,
623 3011 650 3076 se
677 3002 794 3079 contulit
815 3012 848 3076 ad
882 3015 1078 3079 Francis,

136 3124 222 3175 cun
241 3125 256 3165 a
275 3108 539 3182 bieimann,
559 3108 647 3171 vitun
669 3108 745 3174 iilum
764 3108 946 3181 hospitalitate
973 3123 1002 3172 et
1024 3109 1079 3174 hee

135 3205 212 3268 roica
239 3205 342 3270 virtute
366 3205 477 3270 ciarum,
515 3201 570 3259 Ubi
604 3217 695 3266 auten
717 3203 764 3265 iile
779 3201 904 3281 ‘infausto
922 3202 999 3266 bello
1021 3202 1078 3268 fuit

134 3296 308 3369 implicitus,
338 3294 467 3363 basileam
502 3293 610 3375 (1522)
634 3297 995 3370 oecolampadius
1028 3312 1077 3356 req

135 3391 208 3467 diit.
227 3392 321 3471 ibique
345 3405 375 3451 et
395 3387 423 3455 in
442 3404 526 3457 coetu
543 3392 665 3457 Antiates
692 3390 794 3458 exstitit
805 3431 815 3461 ,
852 3407 882 3456 et
910 3393 948 3449 in'
963 3390 1077 3455 Acade.

133 3487 186 3551 ntia
234 3485 414 3560 Theologiam
454 3485 574 3549 docendi
610 3484 779 3561 provinciam
823 3483 953 3558 suscepit.
1012 3483 1075 3550 Eos

132 3579 200 3640 viero
222 3580 307 3651 iere,
335 3599 394 3656 quo
412 3581 660 3658 zuinglius,
691 3592 853 3657 tempores
876 3577 1075 3650 venerareris

135 3673 505 3761 o-ecotanpadius.
