<?xml version="1.0" encoding="UTF-8"?>
<!DOCTYPE html PUBLIC "-//W3C//DTD XHTML 1.0 Transitional//EN"
    "http://www.w3.org/TR/xhtml1/DTD/xhtml1-transitional.dtd">
<html xmlns="http://www.w3.org/1999/xhtml" xml:lang="en" lang="en">
 <head>
  <title>
</title>
<meta http-equiv="Content-Type" content="text/html;charset=utf-8" />
  <meta name='ocr-system' content='tesseract 3.04.00' />
  <meta name='ocr-capabilities' content='ocr_page ocr_carea ocr_par ocr_line ocrx_word'/>
</head>
<body>
  <div class='ocr_page' id='page_1' title='image "./deindolesacroru00tichgoog_0120.png"; bbox 0 0 2438 4426; ppageno 0'>
   <div class='ocr_carea' id='block_1_1' title="bbox 45 2916 64 2993">
    <p class='ocr_par' dir='ltr' id='par_1_1' title="bbox 45 2916 64 2993">
     <span class='ocr_line' id='line_1_1' title="bbox 45 2916 64 2993; baseline 0 0"><span class='ocrx_word' id='word_1_1' title='bbox 45 2916 64 2993; x_wconf 84' lang='lat' dir='ltr'>l</span> 
     </span>
    </p>
   </div>
   <div class='ocr_carea' id='block_1_2' title="bbox 497 235 680 321">
    <p class='ocr_par' dir='ltr' id='par_1_2' title="bbox 497 235 680 321">
     <span class='ocr_line' id='line_1_2' title="bbox 497 235 680 321; baseline -0.005 -1"><span class='ocrx_word' id='word_1_2' title='bbox 497 235 680 321; x_wconf 77' lang='lat'>(105)</span> 
     </span>
    </p>
   </div>
   <div class='ocr_carea' id='block_1_3' title="bbox 120 417 1196 508">
    <p class='ocr_par' dir='ltr' id='par_1_3' title="bbox 120 417 1196 508">
     <span class='ocr_line' id='line_1_3' title="bbox 120 417 1196 508; baseline 0 -20"><span class='ocrx_word' id='word_1_3' title='bbox 120 422 266 488; x_wconf 86' lang='lat' dir='ltr'>societate</span> <span class='ocrx_word' id='word_1_4' title='bbox 274 420 398 505; x_wconf 89' lang='lat' dir='ltr'>prorsus</span> <span class='ocrx_word' id='word_1_5' title='bbox 411 422 619 488; x_wconf 81' lang='lat' dir='ltr'>divelleretur.</span> <span class='ocrx_word' id='word_1_6' title='bbox 661 421 757 508; x_wconf 91' lang='lat' dir='ltr'>Quod</span> <span class='ocrx_word' id='word_1_7' title='bbox 771 417 1068 504; x_wconf 85' lang='lat' dir='ltr'>imprimisobtinuit</span> <span class='ocrx_word' id='word_1_8' title='bbox 1191 454 1196 458; x_wconf 98' lang='lat'>·</span> 
     </span>
    </p>
   </div>
   <div class='ocr_carea' id='block_1_4' title="bbox 120 525 1147 3439">
    <p class='ocr_par' dir='ltr' id='par_1_4' title="bbox 120 525 1067 615">
     <span class='ocr_line' id='line_1_4' title="bbox 120 525 1067 615; baseline 0.001 -24"><span class='ocrx_word' id='word_1_9' title='bbox 120 541 197 610; x_wconf 90' lang='lat' dir='ltr'>post</span> <span class='ocrx_word' id='word_1_10' title='bbox 217 526 440 608; x_wconf 79' lang='lat' dir='ltr'><strong>disputationes</strong></span> <span class='ocrx_word' id='word_1_11' title='bbox 452 527 540 608; x_wconf 90' lang='lat' dir='ltr'>illas,</span> <span class='ocrx_word' id='word_1_12' title='bbox 561 526 684 609; x_wconf 90' lang='lat' dir='ltr'>publice</span> <span class='ocrx_word' id='word_1_13' title='bbox 699 525 826 592; x_wconf 87' lang='lat' dir='ltr'>habitas.</span> <span class='ocrx_word' id='word_1_14' title='bbox 1064 610 1067 615; x_wconf 28' lang='grc'><strong>,</strong></span> 
     </span>
    </p>

    <p class='ocr_par' dir='ltr' id='par_1_5' title="bbox 120 628 1147 3439">
     <span class='ocr_line' id='line_1_5' title="bbox 166 628 1070 712; baseline 0.001 -16"><span class='ocrx_word' id='word_1_15' title='bbox 166 631 291 697; x_wconf 81' lang='lat' dir='ltr'>Scilicet</span> <span class='ocrx_word' id='word_1_16' title='bbox 308 631 489 698; x_wconf 87' lang='lat' dir='ltr'>Canonicia</span> <span class='ocrx_word' id='word_1_17' title='bbox 504 631 564 698; x_wconf 90' lang='lat' dir='ltr'>suis</span> <span class='ocrx_word' id='word_1_18' title='bbox 579 631 634 712; x_wconf 87' lang='lat' dir='ltr'>ipfi</span> <span class='ocrx_word' id='word_1_19' title='bbox 643 631 762 696; x_wconf 84' lang='lat' dir='ltr'>iunbus</span> <span class='ocrx_word' id='word_1_20' title='bbox 776 628 962 695; x_wconf 86' lang='lat' dir='ltr'>destiterunt.</span> <span class='ocrx_word' id='word_1_21' title='bbox 984 630 1070 697; x_wconf 86' lang='lat' dir='ltr'>uoc-</span> 
     </span>
     <span class='ocr_line' id='line_1_6' title="bbox 122 733 1071 802; baseline -0.002 -1"><span class='ocrx_word' id='word_1_22' title='bbox 122 735 220 801; x_wconf 87' lang='lat' dir='ltr'>tiores</span> <span class='ocrx_word' id='word_1_23' title='bbox 238 736 276 800; x_wconf 91' lang='lat' dir='ltr'>ad</span> <span class='ocrx_word' id='word_1_24' title='bbox 290 753 416 801; x_wconf 90' lang='lat' dir='ltr'>munera</span> <span class='ocrx_word' id='word_1_25' title='bbox 433 735 533 801; x_wconf 89' lang='lat' dir='ltr'>civilia</span> <span class='ocrx_word' id='word_1_26' title='bbox 549 737 690 802; x_wconf 87' lang='lat' dir='ltr'>obeunda</span> <span class='ocrx_word' id='word_1_27' title='bbox 712 734 781 799; x_wconf 87' lang='lat' dir='ltr'>lunt</span> <span class='ocrx_word' id='word_1_28' title='bbox 801 733 916 798; x_wconf 89' lang='lat' dir='ltr'>vocati.</span> <span class='ocrx_word' id='word_1_29' title='bbox 960 733 1071 799; x_wconf 87' lang='lat' dir='ltr'>Senio·</span> 
     </span>
     <span class='ocr_line' id='line_1_7' title="bbox 120 836 1072 927; baseline -0.004 -21"><span class='ocrx_word' id='word_1_30' title='bbox 120 839 211 927; x_wconf 86' lang='lat' dir='ltr'>ribus</span> <span class='ocrx_word' id='word_1_31' title='bbox 231 859 304 904; x_wconf 81' lang='lat' dir='ltr'>uero</span> <span class='ocrx_word' id='word_1_32' title='bbox 327 838 390 904; x_wconf 90' lang='lat' dir='ltr'>suis</span> <span class='ocrx_word' id='word_1_33' title='bbox 414 837 560 920; x_wconf 71' lang='lat' dir='ltr'>berniciis</span> <span class='ocrx_word' id='word_1_34' title='bbox 583 842 622 905; x_wconf 92' lang='lat' dir='ltr'>ad</span> <span class='ocrx_word' id='word_1_35' title='bbox 646 852 776 904; x_wconf 90' lang='lat' dir='ltr'>mortem</span> <span class='ocrx_word' id='word_1_36' title='bbox 803 856 902 918; x_wconf 90' lang='lat' dir='ltr'>usque</span> <span class='ocrx_word' id='word_1_37' title='bbox 923 836 969 901; x_wconf 91' lang='lat' dir='ltr'>uti</span> <span class='ocrx_word' id='word_1_38' title='bbox 994 854 1072 902; x_wconf 91' lang='lat' dir='ltr'>con·</span> 
     </span>
     <span class='ocr_line' id='line_1_8' title="bbox 123 940 1147 1025; baseline -0.003 -17"><span class='ocrx_word' id='word_1_39' title='bbox 123 943 241 1008; x_wconf 91' lang='lat' dir='ltr'>cessum</span> <span class='ocrx_word' id='word_1_40' title='bbox 256 942 328 1009; x_wconf 89' lang='lat' dir='ltr'>fuit.</span> <span class='ocrx_word' id='word_1_41' title='bbox 371 946 610 1025; x_wconf 84' lang='lat' dir='ltr'>Caeremoniae,</span> <span class='ocrx_word' id='word_1_42' title='bbox 633 962 760 1024; x_wconf 88' lang='lat' dir='ltr'>quarum</span> <span class='ocrx_word' id='word_1_43' title='bbox 784 959 891 1024; x_wconf 88' lang='lat' dir='ltr'>magua</span> <span class='ocrx_word' id='word_1_44' title='bbox 913 940 1003 1022; x_wconf 89' lang='lat' dir='ltr'>copia</span> <span class='ocrx_word' id='word_1_45' title='bbox 1027 942 1071 1005; x_wconf 89' lang='lat' dir='ltr'>la·</span> <span class='ocrx_word' id='word_1_46' title='bbox 1139 1014 1147 1025; x_wconf 68' lang='lat'>,</span> 
     </span>
     <span class='ocr_line' id='line_1_9' title="bbox 123 1036 1070 1129; baseline -0.006 -16"><span class='ocrx_word' id='word_1_47' title='bbox 123 1047 252 1113; x_wconf 87' lang='lat' dir='ltr'>borabat</span> <span class='ocrx_word' id='word_1_48' title='bbox 273 1049 408 1115; x_wconf 77' lang='lat' dir='ltr'>Ecclesra</span> <span class='ocrx_word' id='word_1_49' title='bbox 428 1050 589 1127; x_wconf 88' lang='lat' dir='ltr'>Romana,</span> <span class='ocrx_word' id='word_1_50' title='bbox 618 1046 687 1113; x_wconf 89' lang='lat' dir='ltr'>sunt</span> <span class='ocrx_word' id='word_1_51' title='bbox 707 1036 891 1129; x_wconf 73' lang='lat' dir='ltr'>abrogatae,</span> <span class='ocrx_word' id='word_1_52' title='bbox 913 1061 944 1110; x_wconf 91' lang='lat' dir='ltr'>et</span> <span class='ocrx_word' id='word_1_53' title='bbox 968 1044 1070 1111; x_wconf 88' lang='lat' dir='ltr'>omnis</span> 
     </span>
     <span class='ocr_line' id='line_1_10' title="bbox 123 1150 1068 1237; baseline -0.001 -21"><span class='ocrx_word' id='word_1_54' title='bbox 123 1154 227 1217; x_wconf 89' lang='lat' dir='ltr'>cultus</span> <span class='ocrx_word' id='word_1_55' title='bbox 254 1152 336 1216; x_wconf 87' lang='lat' dir='ltr'>sacer</span> <span class='ocrx_word' id='word_1_56' title='bbox 360 1155 398 1218; x_wconf 83' lang='lat' dir='ltr'>ad</span> <span class='ocrx_word' id='word_1_57' title='bbox 418 1154 576 1236; x_wconf 82' lang='lat' dir='ltr'>pristinam</span> <span class='ocrx_word' id='word_1_58' title='bbox 599 1150 813 1237; x_wconf 86' lang='lat' dir='ltr'>fimplicitutcm</span> <span class='ocrx_word' id='word_1_59' title='bbox 840 1151 1017 1233; x_wconf 84' lang='lat' dir='ltr'>redactus(</span> <span class='ocrx_word' id='word_1_60' title='bbox 1038 1153 1068 1233; x_wconf 90' lang='lat'>).</span> 
     </span>
     <span class='ocr_line' id='line_1_11' title="bbox 120 1253 1071 1340; baseline -0.006 -18"><span class='ocrx_word' id='word_1_61' title='bbox 120 1257 171 1322; x_wconf 90' lang='lat' dir='ltr'>De</span> <span class='ocrx_word' id='word_1_62' title='bbox 201 1256 386 1338; x_wconf 84' lang='lat' dir='ltr'>imaginibus</span> <span class='ocrx_word' id='word_1_63' title='bbox 412 1274 536 1340; x_wconf 90' lang='lat' dir='ltr'>autem,</span> <span class='ocrx_word' id='word_1_64' title='bbox 573 1277 610 1323; x_wconf 81' lang='lat' dir='ltr'>ex</span> <span class='ocrx_word' id='word_1_65' title='bbox 644 1257 772 1323; x_wconf 85' lang='lat' dir='ltr'>aedibus</span> <span class='ocrx_word' id='word_1_66' title='bbox 801 1253 891 1319; x_wconf 88' lang='lat' dir='ltr'>sacris</span> <span class='ocrx_word' id='word_1_67' title='bbox 922 1253 1071 1331; x_wconf 83' lang='lat' dir='ltr'>remotis,</span> 
     </span>
     <span class='ocr_line' id='line_1_12' title="bbox 122 1357 1072 1445; baseline -0.007 -18"><span class='ocrx_word' id='word_1_68' title='bbox 122 1361 342 1442; x_wconf 86' lang='lat' dir='ltr'>Zuinglius</span> <span class='ocrx_word' id='word_1_69' title='bbox 363 1362 426 1445; x_wconf 90' lang='lat' dir='ltr'>ipse</span> <span class='ocrx_word' id='word_1_70' title='bbox 449 1365 521 1432; x_wconf 89' lang='lat' dir='ltr'>hacc</span> <span class='ocrx_word' id='word_1_71' title='bbox 540 1361 671 1430; x_wconf 83' lang='lat' dir='ltr'>notavit.</span> <span class='ocrx_word' id='word_1_72' title='bbox 717 1407 738 1440; x_wconf 87' lang='lat'><strong>„</strong></span> <span class='ocrx_word' id='word_1_73' title='bbox 759 1362 841 1426; x_wconf 86' lang='lat' dir='ltr'>Cum</span> <span class='ocrx_word' id='word_1_74' title='bbox 868 1357 924 1423; x_wconf 90' lang='lat' dir='ltr'>iam</span> <span class='ocrx_word' id='word_1_75' title='bbox 954 1377 993 1421; x_wconf 91' lang='lat' dir='ltr'>eo</span> <span class='ocrx_word' id='word_1_76' title='bbox 1017 1358 1072 1441; x_wconf 68' lang='lat' dir='ltr'>de-¹</span> 
     </span>
     <span class='ocr_line' id='line_1_13' title="bbox 122 1463 1074 1551; baseline -0.005 -21"><span class='ocrx_word' id='word_1_77' title='bbox 122 1480 250 1530; x_wconf 90' lang='lat' dir='ltr'>ventum</span> <span class='ocrx_word' id='word_1_78' title='bbox 275 1465 370 1544; x_wconf 89' lang='lat' dir='ltr'>esset,</span> <span class='ocrx_word' id='word_1_79' title='bbox 392 1484 427 1534; x_wconf 91' lang='lat' dir='ltr'>ut</span> <span class='ocrx_word' id='word_1_80' title='bbox 450 1469 530 1536; x_wconf 90' lang='lat' dir='ltr'>idola</span> <span class='ocrx_word' id='word_1_81' title='bbox 549 1467 688 1551; x_wconf 84' lang='lat' dir='ltr'>pasfima</span> <span class='ocrx_word' id='word_1_82' title='bbox 703 1464 886 1546; x_wconf 89' lang='lat' dir='ltr'>quibusdam</span> <span class='ocrx_word' id='word_1_83' title='bbox 909 1463 1074 1528; x_wconf 89' lang='lat' dir='ltr'>deiiceren·</span> 
     </span>
     <span class='ocr_line' id='line_1_14' title="bbox 123 1568 1073 1652; baseline -0.004 -17"><span class='ocrx_word' id='word_1_84' title='bbox 123 1585 175 1635; x_wconf 92' lang='lat' dir='ltr'>tur</span> <span class='ocrx_word' id='word_1_85' title='bbox 200 1570 429 1652; x_wconf 91' lang='lat' dir='ltr'>importunius,</span> <span class='ocrx_word' id='word_1_86' title='bbox 452 1577 548 1639; x_wconf 88' lang='lat' dir='ltr'>totius</span> <span class='ocrx_word' id='word_1_87' title='bbox 572 1571 696 1636; x_wconf 88' lang='lat' dir='ltr'>maioris</span> <span class='ocrx_word' id='word_1_88' title='bbox 719 1572 871 1644; x_wconf 88' lang='lat' dir='ltr'>Senatus,</span> <span class='ocrx_word' id='word_1_89' title='bbox 892 1587 982 1650; x_wconf 90' lang='lat' dir='ltr'>quem</span> <span class='ocrx_word' id='word_1_90' title='bbox 998 1568 1073 1634; x_wconf 88' lang='lat' dir='ltr'>Dia·</span> 
     </span>
     <span class='ocr_line' id='line_1_15' title="bbox 122 1671 1073 1758; baseline -0.004 -19"><span class='ocrx_word' id='word_1_91' title='bbox 122 1671 222 1739; x_wconf 84' lang='lat' dir='ltr'>costos</span> <span class='ocrx_word' id='word_1_92' title='bbox 240 1672 390 1752; x_wconf 85' lang='lat' dir='ltr'>dicimus,</span> <span class='ocrx_word' id='word_1_93' title='bbox 410 1678 579 1741; x_wconf 83' lang='lat' dir='ltr'>authoritas</span> <span class='ocrx_word' id='word_1_94' title='bbox 596 1675 784 1755; x_wconf 79' lang='lat' dir='ltr'>intercessit,</span> <span class='ocrx_word' id='word_1_95' title='bbox 802 1673 929 1758; x_wconf 90' lang='lat' dir='ltr'>publico</span> <span class='ocrx_word' id='word_1_96' title='bbox 947 1671 1073 1753; x_wconf 86' lang='lat' dir='ltr'>interdi-</span> 
     </span>
     <span class='ocr_line' id='line_1_16' title="bbox 123 1778 1074 1863; baseline -0.002 -21"><span class='ocrx_word' id='word_1_97' title='bbox 123 1796 219 1856; x_wconf 74' lang='lat' dir='ltr'>cenS,</span> <span class='ocrx_word' id='word_1_98' title='bbox 240 1780 370 1861; x_wconf 89' lang='lat' dir='ltr'>nequis</span> <span class='ocrx_word' id='word_1_99' title='bbox 391 1782 529 1862; x_wconf 88' lang='lat' dir='ltr'>privatus</span> <span class='ocrx_word' id='word_1_100' title='bbox 546 1781 627 1846; x_wconf 88' lang='lat' dir='ltr'>idola</span> <span class='ocrx_word' id='word_1_101' title='bbox 645 1781 868 1862; x_wconf 84' lang='lat' dir='ltr'>qualiacunque</span> <span class='ocrx_word' id='word_1_102' title='bbox 889 1778 1074 1863; x_wconf 85' lang='lat' dir='ltr'>subverteret</span> 
     </span>
     <span class='ocr_line' id='line_1_17' title="bbox 124 1878 1074 1966; baseline 0 -21"><span class='ocrx_word' id='word_1_103' title='bbox 124 1880 197 1958; x_wconf 88' lang='lat' dir='ltr'>(nist</span> <span class='ocrx_word' id='word_1_104' title='bbox 219 1880 328 1963; x_wconf 88' lang='lat' dir='ltr'>liquis</span> <span class='ocrx_word' id='word_1_105' title='bbox 353 1884 437 1947; x_wconf 89' lang='lat' dir='ltr'>domi</span> <span class='ocrx_word' id='word_1_106' title='bbox 456 1884 525 1949; x_wconf 88' lang='lat' dir='ltr'>suae</span> <span class='ocrx_word' id='word_1_107' title='bbox 544 1885 662 1966; x_wconf 86' lang='lat' dir='ltr'>privata</span> <span class='ocrx_word' id='word_1_108' title='bbox 679 1885 822 1962; x_wconf 88' lang='lat' dir='ltr'>haberet,</span> <span class='ocrx_word' id='word_1_109' title='bbox 848 1885 992 1963; x_wconf 79' lang='lat' dir='ltr'>reiquae</span> <span class='ocrx_word' id='word_1_110' title='bbox 1011 1878 1074 1961; x_wconf 89' lang='lat' dir='ltr'>ipse</span> 
     </span>
     <span class='ocr_line' id='line_1_18' title="bbox 124 1983 1074 2070; baseline -0.001 -22"><span class='ocrx_word' id='word_1_111' title='bbox 124 1983 186 2049; x_wconf 88' lang='lat' dir='ltr'>suis</span> <span class='ocrx_word' id='word_1_112' title='bbox 204 1984 345 2067; x_wconf 80' lang='lat' dir='ltr'>impensis</span> <span class='ocrx_word' id='word_1_113' title='bbox 361 1987 427 2052; x_wconf 87' lang='lat' dir='ltr'>fieri</span> <span class='ocrx_word' id='word_1_114' title='bbox 444 1989 628 2066; x_wconf 87' lang='lat' dir='ltr'>curavisset,</span> <span class='ocrx_word' id='word_1_115' title='bbox 650 1987 774 2070; x_wconf 91' lang='lat' dir='ltr'>quaein</span> <span class='ocrx_word' id='word_1_116' title='bbox 789 1985 862 2064; x_wconf 90' lang='lat' dir='ltr'>sua,</span> <span class='ocrx_word' id='word_1_117' title='bbox 883 2004 948 2049; x_wconf 89' lang='lat' dir='ltr'>non</span> <span class='ocrx_word' id='word_1_118' title='bbox 973 1985 1074 2050; x_wconf 86' lang='lat' dir='ltr'>alteri-</span> 
     </span>
     <span class='ocr_line' id='line_1_19' title="bbox 123 2089 1075 2176; baseline 0 -24"><span class='ocrx_word' id='word_1_119' title='bbox 123 2108 163 2153; x_wconf 93' lang='lat' dir='ltr'>us</span> <span class='ocrx_word' id='word_1_120' title='bbox 183 2105 335 2173; x_wconf 85' lang='lat' dir='ltr'>potestate</span> <span class='ocrx_word' id='word_1_121' title='bbox 356 2091 457 2157; x_wconf 88' lang='lat' dir='ltr'>esscut</span> <span class='ocrx_word' id='word_1_122' title='bbox 478 2090 548 2176; x_wconf 83' lang='lat' dir='ltr'>sita)</span> <span class='ocrx_word' id='word_1_123' title='bbox 572 2093 760 2173; x_wconf 89' lang='lat' dir='ltr'>usquedum</span> <span class='ocrx_word' id='word_1_124' title='bbox 777 2089 915 2171; x_wconf 90' lang='lat' dir='ltr'>quidhic</span> <span class='ocrx_word' id='word_1_125' title='bbox 932 2089 998 2152; x_wconf 87' lang='lat' dir='ltr'>fieri</span> <span class='ocrx_word' id='word_1_126' title='bbox 1021 2092 1075 2155; x_wconf 88' lang='lat' dir='ltr'>de·</span> 
     </span>
     <span class='ocr_line' id='line_1_20' title="bbox 123 2192 1073 2277; baseline -0.001 -19"><span class='ocrx_word' id='word_1_127' title='bbox 123 2195 215 2273; x_wconf 89' lang='lat' dir='ltr'>beat,</span> <span class='ocrx_word' id='word_1_128' title='bbox 234 2195 363 2260; x_wconf 86' lang='lat' dir='ltr'>Senatus</span> <span class='ocrx_word' id='word_1_129' title='bbox 378 2197 483 2277; x_wconf 88' lang='lat' dir='ltr'>posset</span> <span class='ocrx_word' id='word_1_130' title='bbox 492 2196 631 2261; x_wconf 87' lang='lat' dir='ltr'>statuere.</span> <span class='ocrx_word' id='word_1_131' title='bbox 652 2229 682 2245; x_wconf 90' lang='lat'>-</span> <span class='ocrx_word' id='word_1_132' title='bbox 702 2197 778 2260; x_wconf 88' lang='lat' dir='ltr'>Post</span> <span class='ocrx_word' id='word_1_133' title='bbox 792 2194 864 2257; x_wconf 89' lang='lat' dir='ltr'>haec</span> <span class='ocrx_word' id='word_1_134' title='bbox 874 2192 977 2258; x_wconf 87' lang='lat' dir='ltr'>rursus</span> <span class='ocrx_word' id='word_1_135' title='bbox 990 2213 1008 2257; x_wconf 93' lang='lat' dir='ltr'>a</span> <span class='ocrx_word' id='word_1_136' title='bbox 1019 2194 1073 2258; x_wconf 82' lang='lat' dir='ltr'>So-</span> 
     </span>
     <span class='ocr_line' id='line_1_21' title="bbox 125 2296 1069 2380; baseline 0.003 -18"><span class='ocrx_word' id='word_1_137' title='bbox 125 2313 199 2362; x_wconf 92' lang='lat' dir='ltr'>natu</span> <span class='ocrx_word' id='word_1_138' title='bbox 221 2296 430 2367; x_wconf 80' lang='lat' dir='ltr'>Diac‘osrorum</span> <span class='ocrx_word' id='word_1_139' title='bbox 451 2305 605 2367; x_wconf 87' lang='lat' dir='ltr'>decretum</span> <span class='ocrx_word' id='word_1_140' title='bbox 633 2315 701 2379; x_wconf 88' lang='lat' dir='ltr'>est,</span> <span class='ocrx_word' id='word_1_141' title='bbox 722 2315 757 2364; x_wconf 93' lang='lat' dir='ltr'>ut</span> <span class='ocrx_word' id='word_1_142' title='bbox 775 2298 900 2380; x_wconf 76' lang='lat' dir='ltr'>singulis</span> <span class='ocrx_word' id='word_1_143' title='bbox 925 2298 1069 2365; x_wconf 85' lang='lat' dir='ltr'>Ecclefiis</span> 
     </span>
     <span class='ocr_line' id='line_1_22' title="bbox 124 2401 1072 2487; baseline 0.001 -20"><span class='ocrx_word' id='word_1_144' title='bbox 124 2401 254 2468; x_wconf 86' lang='lat' dir='ltr'>liberum</span> <span class='ocrx_word' id='word_1_145' title='bbox 276 2405 334 2486; x_wconf 84' lang='lat' dir='ltr'>stt,</span> <span class='ocrx_word' id='word_1_146' title='bbox 356 2405 436 2472; x_wconf 90' lang='lat' dir='ltr'>idola</span> <span class='ocrx_word' id='word_1_147' title='bbox 454 2426 471 2470; x_wconf 95' lang='lat' dir='ltr'>e</span> <span class='ocrx_word' id='word_1_148' title='bbox 498 2407 616 2487; x_wconf 88' lang='lat' dir='ltr'>templo</span> <span class='ocrx_word' id='word_1_149' title='bbox 633 2405 691 2471; x_wconf 91' lang='lat' dir='ltr'>suo</span> <span class='ocrx_word' id='word_1_150' title='bbox 714 2404 861 2483; x_wconf 87' lang='lat' dir='ltr'>deiicere,</span> <span class='ocrx_word' id='word_1_151' title='bbox 888 2402 1072 2487; x_wconf 72' lang='lat' dir='ltr'>praelbtipto</span> 
     </span>
     <span class='ocr_line' id='line_1_23' title="bbox 123 2508 1073 2591; baseline 0 -19"><span class='ocrx_word' id='word_1_152' title='bbox 123 2521 224 2572; x_wconf 88' lang='lat' dir='ltr'>tamen</span> <span class='ocrx_word' id='word_1_153' title='bbox 238 2525 344 2589; x_wconf 89' lang='lat' dir='ltr'>certo,</span> <span class='ocrx_word' id='word_1_154' title='bbox 366 2530 459 2591; x_wconf 90' lang='lat' dir='ltr'>quem</span> <span class='ocrx_word' id='word_1_155' title='bbox 485 2511 701 2588; x_wconf 83' lang='lat' dir='ltr'>observarent,</span> <span class='ocrx_word' id='word_1_156' title='bbox 727 2508 845 2573; x_wconf 89' lang='lat' dir='ltr'>ordine.</span> <span class='ocrx_word' id='word_1_157' title='bbox 887 2510 1073 2574; x_wconf 84' lang='lat' dir='ltr'>iubebantur</span> 
     </span>
     <span class='ocr_line' id='line_1_24' title="bbox 124 2612 1071 2705; baseline 0 -28"><span class='ocrx_word' id='word_1_158' title='bbox 124 2613 346 2688; x_wconf 90' lang='lat' dir='ltr'>enimomnes,</span> <span class='ocrx_word' id='word_1_159' title='bbox 374 2616 428 2697; x_wconf 92' lang='lat' dir='ltr'>qui</span> <span class='ocrx_word' id='word_1_160' title='bbox 453 2619 491 2705; x_wconf 86' lang='lat' dir='ltr'>ad</span> <span class='ocrx_word' id='word_1_161' title='bbox 513 2618 677 2685; x_wconf 85' lang='lat' dir='ltr'>Ecclesiam</span> <span class='ocrx_word' id='word_1_162' title='bbox 705 2612 835 2695; x_wconf 86' lang='lat' dir='ltr'>aliquam</span> <span class='ocrx_word' id='word_1_163' title='bbox 858 2614 1071 2700; x_wconf 79' lang='lat' dir='ltr'>pertinebant,</span> 
     </span>
     <span class='ocr_line' id='line_1_25' title="bbox 123 2718 1073 2804; baseline 0.003 -20"><span class='ocrx_word' id='word_1_164' title='bbox 123 2736 184 2784; x_wconf 89' lang='lat' dir='ltr'>una</span> <span class='ocrx_word' id='word_1_165' title='bbox 209 2738 279 2784; x_wconf 92' lang='lat' dir='ltr'>cum</span> <span class='ocrx_word' id='word_1_166' title='bbox 304 2718 465 2804; x_wconf 87' lang='lat' dir='ltr'>Episcopo</span> <span class='ocrx_word' id='word_1_167' title='bbox 493 2726 541 2789; x_wconf 87' lang='lat' dir='ltr'>vel</span> <span class='ocrx_word' id='word_1_168' title='bbox 565 2723 693 2789; x_wconf 84' lang='lat' dir='ltr'>Pastore</span> <span class='ocrx_word' id='word_1_169' title='bbox 716 2720 770 2784; x_wconf 90' lang='lat' dir='ltr'>lito</span> <span class='ocrx_word' id='word_1_170' title='bbox 787 2721 819 2785; x_wconf 89' lang='lat' dir='ltr'>in</span> <span class='ocrx_word' id='word_1_171' title='bbox 836 2740 929 2786; x_wconf 90' lang='lat' dir='ltr'>unum</span> <span class='ocrx_word' id='word_1_172' title='bbox 953 2719 1073 2787; x_wconf 83' lang='lat' dir='ltr'>collecti</span> 
     </span>
     <span class='ocr_line' id='line_1_26' title="bbox 125 2821 1072 2910; baseline -0.002 -20"><span class='ocrx_word' id='word_1_173' title='bbox 125 2825 314 2906; x_wconf 85' lang='lat' dir='ltr'>convenire,</span> <span class='ocrx_word' id='word_1_174' title='bbox 335 2842 365 2889; x_wconf 93' lang='lat' dir='ltr'>et</span> <span class='ocrx_word' id='word_1_175' title='bbox 376 2825 483 2909; x_wconf 77' lang='lat' dir='ltr'>simul,</span> <span class='ocrx_word' id='word_1_176' title='bbox 501 2827 577 2910; x_wconf 91' lang='lat' dir='ltr'>quid</span> <span class='ocrx_word' id='word_1_177' title='bbox 586 2828 625 2891; x_wconf 92' lang='lat' dir='ltr'>de</span> <span class='ocrx_word' id='word_1_178' title='bbox 641 2823 732 2889; x_wconf 92' lang='lat' dir='ltr'>idolis</span> <span class='ocrx_word' id='word_1_179' title='bbox 741 2824 906 2903; x_wconf 86' lang='lat' dir='ltr'>sentirent,</span> <span class='ocrx_word' id='word_1_180' title='bbox 919 2821 1072 2890; x_wconf 86' lang='lat' dir='ltr'>conferre.</span> 
     </span>
     <span class='ocr_line' id='line_1_27' title="bbox 124 2927 1074 3019; baseline 0 -24"><span class='ocrx_word' id='word_1_181' title='bbox 124 2929 169 2995; x_wconf 91' lang='lat' dir='ltr'>Ut</span> <span class='ocrx_word' id='word_1_182' title='bbox 200 2927 289 2994; x_wconf 87' lang='lat' dir='ltr'>fivei</span> <span class='ocrx_word' id='word_1_183' title='bbox 305 2948 411 3019; x_wconf 73' lang='lat' dir='ltr'>omnes</span> <span class='ocrx_word' id='word_1_184' title='bbox 433 2933 543 3014; x_wconf 79' lang='lat' dir='ltr'>simul,</span> <span class='ocrx_word' id='word_1_185' title='bbox 565 2933 614 2996; x_wconf 93' lang='lat' dir='ltr'>vel</span> <span class='ocrx_word' id='word_1_186' title='bbox 639 2929 734 2993; x_wconf 90' lang='lat' dir='ltr'>maior</span> <span class='ocrx_word' id='word_1_187' title='bbox 758 2930 878 2996; x_wconf 90' lang='lat' dir='ltr'>illorum</span> <span class='ocrx_word' id='word_1_188' title='bbox 898 2949 991 3010; x_wconf 83' lang='lat' dir='ltr'>pars,</span> <span class='ocrx_word' id='word_1_189' title='bbox 1012 2929 1074 2995; x_wconf 83' lang='lat' dir='ltr'>tol·</span> 
     </span>
     <span class='ocr_line' id='line_1_28' title="bbox 123 3029 1073 3117; baseline -0.004 -21"><span class='ocrx_word' id='word_1_190' title='bbox 123 3033 212 3096; x_wconf 86' lang='lat' dir='ltr'>lenda</span> <span class='ocrx_word' id='word_1_191' title='bbox 240 3033 303 3098; x_wconf 85' lang='lat' dir='ltr'>esse</span> <span class='ocrx_word' id='word_1_192' title='bbox 329 3037 578 3117; x_wconf 84' lang='lat' dir='ltr'>pronuntiarent,</span> <span class='ocrx_word' id='word_1_193' title='bbox 599 3034 655 3099; x_wconf 87' lang='lat' dir='ltr'>iam</span> <span class='ocrx_word' id='word_1_194' title='bbox 674 3033 708 3097; x_wconf 95' lang='lat' dir='ltr'>id</span> <span class='ocrx_word' id='word_1_195' title='bbox 727 3035 907 3110; x_wconf 90' lang='lat' dir='ltr'>commode,</span> <span class='ocrx_word' id='word_1_196' title='bbox 927 3029 988 3094; x_wconf 83' lang='lat' dir='ltr'>line</span> <span class='ocrx_word' id='word_1_197' title='bbox 1009 3044 1073 3113; x_wconf 76' lang='lat' dir='ltr'>tur·</span> 
     </span>
     <span class='ocr_line' id='line_1_29' title="bbox 120 3133 1073 3222; baseline 0.001 -24"><span class='ocrx_word' id='word_1_198' title='bbox 120 3135 174 3219; x_wconf 87' lang='lat' dir='ltr'>bis</span> <span class='ocrx_word' id='word_1_199' title='bbox 194 3150 224 3201; x_wconf 95' lang='lat' dir='ltr'>et</span> <span class='ocrx_word' id='word_1_200' title='bbox 239 3140 373 3203; x_wconf 90' lang='lat' dir='ltr'>tumultu</span> <span class='ocrx_word' id='word_1_201' title='bbox 385 3141 564 3222; x_wconf 91' lang='lat' dir='ltr'>importuno</span> <span class='ocrx_word' id='word_1_202' title='bbox 582 3152 820 3218; x_wconf 82' lang='lat' dir='ltr'>exequerentur.</span> <span class='ocrx_word' id='word_1_203' title='bbox 864 3133 983 3219; x_wconf 87' lang='lat' dir='ltr'>Quodsr</span> <span class='ocrx_word' id='word_1_204' title='bbox 999 3152 1073 3221; x_wconf 75' lang='lat' dir='ltr'>terp</span> 
     </span>
     <span class='ocr_line' id='line_1_30' title="bbox 122 3224 1072 3325; baseline 0.001 -21"><span class='ocrx_word' id='word_1_205' title='bbox 122 3224 232 3305; x_wconf 79' lang='lat' dir='ltr'>maiori</span> <span class='ocrx_word' id='word_1_206' title='bbox 255 3259 401 3325; x_wconf 83' lang='lat' dir='ltr'>exparte</span> <span class='ocrx_word' id='word_1_207' title='bbox 424 3243 523 3307; x_wconf 87' lang='lat' dir='ltr'>adhuc</span> <span class='ocrx_word' id='word_1_208' title='bbox 547 3241 680 3324; x_wconf 87' lang='lat' dir='ltr'>imperiti</span> <span class='ocrx_word' id='word_1_209' title='bbox 708 3260 808 3305; x_wconf 89' lang='lat' dir='ltr'>rerum</span> <span class='ocrx_word' id='word_1_210' title='bbox 834 3255 867 3304; x_wconf 89' lang='lat' dir='ltr'>et</span> <span class='ocrx_word' id='word_1_211' title='bbox 889 3239 978 3303; x_wconf 89' lang='lat' dir='ltr'>rudes</span> <span class='ocrx_word' id='word_1_212' title='bbox 1004 3237 1072 3317; x_wconf 64' lang='lat' dir='ltr'>esse</span> 
     </span>
     <span class='ocr_line' id='line_1_31' title="bbox 121 3341 1074 3439; baseline -0.008 -26"><span class='ocrx_word' id='word_1_213' title='bbox 121 3345 391 3439; x_wconf 82' lang='lat' dir='ltr'>conspicerentur,</span> <span class='ocrx_word' id='word_1_214' title='bbox 419 3347 578 3429; x_wconf 83' lang='lat' dir='ltr'>negotium</span> <span class='ocrx_word' id='word_1_215' title='bbox 602 3345 661 3437; x_wconf 83' lang='lat' dir='ltr'>huc</span> <span class='ocrx_word' id='word_1_216' title='bbox 685 3363 824 3425; x_wconf 82' lang='lat' dir='ltr'>eousque</span> <span class='ocrx_word' id='word_1_217' title='bbox 847 3341 971 3408; x_wconf 87' lang='lat' dir='ltr'>differre</span> <span class='ocrx_word' id='word_1_218' title='bbox 988 3341 1074 3421; x_wconf 70' lang='lat' dir='ltr'>iubo-</span> 
     </span>
    </p>
   </div>
   <div class='ocr_carea' id='block_1_5' title="bbox 1019 3451 1073 3535">
    <p class='ocr_par' dir='ltr' id='par_1_6' title="bbox 1019 3451 1073 3535">
     <span class='ocr_line' id='line_1_32' title="bbox 1019 3451 1073 3535; baseline 0 0"><span class='ocrx_word' id='word_1_219' title='bbox 1019 3451 1073 3535; x_wconf 66' lang='lat' dir='ltr'>bqr</span> 
     </span>
    </p>
   </div>
   <div class='ocr_carea' id='block_1_6' title="bbox 123 3613 1071 3887">
    <p class='ocr_par' dir='ltr' id='par_1_7' title="bbox 123 3613 1071 3887">
     <span class='ocr_line' id='line_1_33' title="bbox 158 3613 1071 3694; baseline 0.003 -19"><span class='ocrx_word' id='word_1_220' title='bbox 158 3613 509 3692; x_wconf 86' lang='lat' dir='ltr'>(1)Hottingerus‚</span> <span class='ocrx_word' id='word_1_221' title='bbox 540 3621 602 3680; x_wconf 80' lang='lat' dir='ltr'>ll.</span> <span class='ocrx_word' id='word_1_222' title='bbox 621 3622 655 3680; x_wconf 89' lang='lat' dir='ltr'>T.</span> <span class='ocrx_word' id='word_1_223' title='bbox 683 3621 814 3694; x_wconf 77' lang='lat' dir='ltr'>vulp.</span> <span class='ocrx_word' id='word_1_224' title='bbox 849 3623 886 3694; x_wconf 87' lang='lat'>89</span> <span class='ocrx_word' id='word_1_225' title='bbox 909 3619 968 3693; x_wconf 85' lang='lat' dir='ltr'>sqq.</span> <span class='ocrx_word' id='word_1_226' title='bbox 1000 3620 1071 3680; x_wconf 80' lang='lat' dir='ltr'>Ru·-</span> 
     </span>
     <span class='ocr_line' id='line_1_34' title="bbox 123 3709 1071 3798; baseline 0.012 -31"><span class='ocrx_word' id='word_1_227' title='bbox 123 3709 243 3795; x_wconf 77' lang='lat' dir='ltr'>chat,</span> <span class='ocrx_word' id='word_1_228' title='bbox 270 3714 297 3798; x_wconf 66' lang='lat' dir='ltr'>l.</span> <span class='ocrx_word' id='word_1_229' title='bbox 321 3715 495 3786; x_wconf 82' lang='lat' dir='ltr'>t.-T.1.p.</span> <span class='ocrx_word' id='word_1_230' title='bbox 519 3717 584 3787; x_wconf 77' lang='lat'>381.</span> <span class='ocrx_word' id='word_1_231' title='bbox 617 3715 743 3789; x_wconf 81' lang='lat' dir='ltr'>Wirz,</span> <span class='ocrx_word' id='word_1_232' title='bbox 771 3716 791 3778; x_wconf 86' lang='lat' dir='ltr'>l.</span> <span class='ocrx_word' id='word_1_233' title='bbox 825 3718 846 3776; x_wconf 91' lang='lat' dir='ltr'>l.</span> <span class='ocrx_word' id='word_1_234' title='bbox 875 3717 905 3774; x_wconf 86' lang='lat' dir='ltr'>S.</span> <span class='ocrx_word' id='word_1_235' title='bbox 928 3717 978 3776; x_wconf 86' lang='lat'>108</span> <span class='ocrx_word' id='word_1_236' title='bbox 1009 3718 1071 3792; x_wconf 79' lang='lat' dir='ltr'>sqq,</span> 
     </span>
     <span class='ocr_line' id='line_1_35' title="bbox 123 3803 651 3887; baseline 0.013 -22"><span class='ocrx_word' id='word_1_237' title='bbox 123 3803 478 3886; x_wconf 76' lang='lat' dir='ltr'>J.C.1tess,1.t.s</span> <span class='ocrx_word' id='word_1_238' title='bbox 504 3813 566 3887; x_wconf 82' lang='lat'>189.</span> <span class='ocrx_word' id='word_1_239' title='bbox 592 3810 651 3886; x_wconf 89' lang='lat' dir='ltr'>sqq.</span> 
     </span>
    </p>
   </div>
   <div class='ocr_carea' id='block_1_7' title="bbox 0 0 1227 4426">
    <p class='ocr_par' dir='ltr' id='par_1_8' title="bbox 0 0 1227 4426">
     <span class='ocr_line' id='line_1_36' title="bbox 0 0 1227 4426; baseline 0 0"><span class='ocrx_word' id='word_1_240' title='bbox 0 0 1227 4426; x_wconf 95' lang='lat' dir='ltr'> </span> 
     </span>
    </p>
   </div>
  </div>
 </body>
</html>
