2438 4426
521 283 712 368 ’(189)

124 503 195 557 n,
189 486 341 536 nus-tam
353 469 483 537 mordiei
495 489 573 535 veto
593 471 770 547 rodendae',
789 472 887 551 quod·
890 483 921 534 et
940 470 1101 538 Christtim

149 575 328 659 „sensisse
346 594 449 656 puto,
469 595 565 656 qnnm
588 574 686 641 retest
703 577 877 654 rmrgaritas
900 589 969 640 ante
988 594 1104 656 porcos

160 678 364 764 „disfiuen‘”
382 678 418 757 (¹
406 691 452 762 ¹·)

207 782 472 865 „Zuinglins
490 782 529 846 ad
553 783 795 865 Myconium
815 782 916 848 suum.

207 935 229 966 „
246 886 345 967 Angit
368 886 503 952 mimum
520 900 609 955 tuum
637 889 810 970 expectatio
829 899 1105 952 nostrornm'tem

161 1039 188 1074 ,‚
206 1012 340 1074 porum,
363 993 477 1072 quihus
500 993 601 1058 omnia
621 991 736 1056 sursum
758 991 959 1070 deorsumque
979 1008 1105 1054 moven-

164 1145 190 1178 „
207 1113 281 1170 tur,
301 1097 404 1160 omnia
427 1097 614 1174 miscentur,
635 1096 723 1161 itaut
738 1098 869 1160 nativam
888 1095 996 1160 faciem
1014 1095 1107 1159 nulli·

164 1249 190 1282 „
208 1218 245 1264 us
263 1197 299 1263 sit
314 1218 493 1280 agnoscere.
515 1235 542 1251 -
565 1202 639 1286 Quo
658 1201 754 1282 igitur
766 1205 860 1266 modo
875 1202 947 1264 huic
961 1200 1005 1263 rei
1031 1217 1105 1264 con·

164 1352 190 1385 „
207 1302 364 1379 sulmdum
380 1305 455 1385 etit,
476 1305 603 1387 inquis?
624 1304 898 1372 Christumandir
916 1304 1004 1368 finite
1026 1320 1105 1369 ntra·

164 1456 189 1492 „
209 1428 271 1489 que
281 1409 673 1490 cremera-inquientem,
693 1429 796 1488 usque
818 1411 856 1473 ad
882 1424 1006 1487 tempus
1025 1425 1107 1469 mes-

164 1557 189 1593 „
208 1510 268 1589 sis,
287 1496 367 1577 caet.
389 1515 562 1579 -Etcum
579 1527 720 1593 tauquam
732 1513 879 1576 obiiciens
888 1512 1008 1590 inquis:
1032 1509 1108 1590 qnid

165 1664 190 1699 ,,
208 1617 388 1684 docebimus
413 1632 537 1682 nostrae
562 1617 632 1683 fidei
656 1612 857 1696 commissos,
876 1635 946 1679 cum
967 1616 1107 1698 videmus

152 1767 191 1805 .„
209 1720 337 1787 inaniter
358 1741 480 1801 operam
496 1723 583 1802 ludi,
603 1723 697 1787 nullis
719 1737 772 1786 aut
793 1716 979 1803 paucissimis
1003 1721 1108 1786 Euan·

141 1815 192 1914 ’.ῃ
211 1825 293 1908 gelio
319 1827 369 1889 vel
395 1825 551 1891 doctrinae
578 1826 765 1908 apostolicae
789 1823 993 1906 pareamus?
1023 1824 1110 1891 Tan-

154 1945 247 2020 .».¹⁰
264 1929 387 2019 inquam
407 1930 529 1994 enixius
544 1930 601 1995 tibi
615 1932 813 2001 laborandum
829 1943 899 2003 est,
912 1928 1022 2008 tut-hoc
1036 1946 1110 2010 pre·

155 2080 193 2122 ,η
210 2034 326 2098 ciosum
348 2036 541 2117 margaritum
569 2067 600 2082 -
626 2053 716 2114 quam
737 2033 879 2114 plurimis
900 2043 1025 2114 potest,
1055 2049 1109 2096 os·

157 2185 191 2227 -„
210 2140 337 2216 tardas,
364 2155 399 2204 ut
423 2141 490 2202 eius
511 2157 622 2202 amore-
635 2137 736 2220 eapti,
756 2135 919 2205 divmditis
940 2135 1107 2215 omnihus,

168 2288 192 2324 ‚,
210 2243 287 2309 illud
315 2258 503 2324 comparent·
536 2277 566 2290 -
592 2240 733 2328 Docehis
762 2240 867 2321 itaque
888 2255 961 2304 tuos
989 2239 1108 2321 semper

158 2395 192 2429 ,,,
211 2346 385 2437 Christum.
405 2383 435 2397 -
456 2347 555 2426 Vide,
575 2347 703 2424 Frater,
724 2365 786 2427 qua
804 2343 976 2427 niapossrs¹
989 2343 1109 2427 sperare

169 2497 192 2532 „
211 2471 299 2517 ovem
315 2451 433 2519 Christi
450 2467 481 2514 te
490 2450 575 2528 esse,
597 2451 805 2528 eanimirum,
826 2450 917 2515 srtibi
931 2471 989 2530 pro
999 2448 1109 2516 Chris-

110 2604 114 2611 .
159 2603 191 2645 ¹„
210 2557 344 2640 tigloria
359 2556 436 2622 nihil
457 2573 522 2620 non
539 2557 691 2645 pacienti,
712 2557 843 2645 inproba
861 2557 1005 2636 luporum
1029 2573 1107 2637 gens

167 2708 192 2744 „
210 2677 341 2727 mortem
367 2661 514 2741 intentet,
541 2657 567 2724 si
592 2663 739 2729 dentibus
756 2661 920 2744 frendant,
951 2662 1107 2747 unguibus

158 2811 190 2850 ,,,
167 2764 364 2846 „lacerent”
378 2766 418 2848 (2
399 2775 449 2847 2).

150 2950 154 2954 ,
207 2873 252 2938 Et
272 2869 346 2934 fie'
336 2889 369 2935 m
391 2871 540 2955 caeteris,
560 2841 677 2955 quihus
695 2871 913 2961 saepenumero
935 2875 1108 2958 gravissim

167 2975 307 3057 exposuit
328 2975 501 3058 Religionis
525 2977 727 3065 Christianae
741 2983 852 3062 piacita
874 3000 944 3062 eum
963 2981 1107 3045 theoreti-

166 3098 223 3155 ca,
242 3094 308 3144 tum
326 3081 471 3160 practica

208 3183 282 3267 Quo
295 3187 392 3266 magis
407 3203 510 3253 autem
531 3201 640 3250 coetus
662 3185 804 3268 Tigurini
825 3186 996 3253 commodis
1015 3185 1109 3251 inser·

161 3284 265 3363 viret,
286 3289 365 3353 duos
387 3287 440 3353 fibi
463 3288 683 3370 Zninglins
703 3288 851 3355 adscivit
842 3310 874 3354 m
894 3290 978 3356 sacro
1002 3308 1110 3355 mune·

166 3386 199 3454 re
225 3388 346 3474 socios,
376 3394 562 3474 capellanos
589 3397 685 3475 vulgo
727 3394 851 3474 dictos,
886 3395 1109 3492 Georgium

162 3495 524 3601 scilicetstiheliu,
553 3497 670 3565 dictum
704 3498 1047 3584 Chalyhaeolum‚
1076 3515 1110 3573 et

1004 3608 1110 3677 Hen-

158 3686 823 3803 [inepumgunoiaumpm
929 3733 962 3783 s

205 3815 818 3899 (2)Em·2o'⁰a1·etoecuaup.p124
898 3858 900 3860 -
986 3852 989 3857 ·
