2438 4426
74 108 84 215 l

163 241 476 330 namuurum
502 256 1090 340 armorico-rammasse

74 612 146 653 ,.
302 614 305 619 .
450 560 803 637 „arnonus
917 582 923 591 ·
1003 502 1085 561 ‘⁴

139 740 193 899 J·
214 757 526 847 saeuorum
565 730 1031 874 mmanarroms,

172 930 221 1056 n
264 971 650 1058 zoroastro
697 926 1085 1078 susurronum,

371 1154 502 1239 ,aare
531 1156 850 1228 urrunrcmtnn.

342 1452 919 1508 w

359 1692 897 1774 Pnounoomna

538 1919 717 1964 ⁸⁴40·-

137 2025 372 2212 Q¹¹⁰d=s¹bl
394 2099 594 2188 Pi⁰P⁰su²mt
617 2103 724 2181 Deus,
747 2102 904 2170 confilium
930 2103 1093 2173 moralein

153 2210 341 2275 instituendo
353 2229 463 2294 genere
479 2211 635 2287 humano,
651 2206 790 2288 inprimis
798 2209 971 2291 Religionis
983 2210 1093 2276 Chris-

154 2314 250 2379 tianae
266 2334 345 2397 ope,
366 2314 486 2380 irritum
508 2313 573 2381 sere
594 2309 760 2378 reddidisse
780 2313 963 2381 videbantur
984 2330 1096 2396 gentes

148 2419 332 2500 Europaeae
354 2419 480 2498 medio,
501 2421 589 2501 quod
613 2417 750 2496 dicitur,
769 2438 858 2483 aevo.
901 2416 975 2484 Alta
1002 2433 1095 2484 nocte

151 2524 347 2601 premebatur
374 2524 515 2603 Europa.
559 2522 679 2589 Gentes
701 2519 923 2598 Germanicae,
943 2519 1096 2588 Romanis

151 2622 369 2703 succedentes,
388 2623 563 2692 etiamnunc
589 2642 684 2693 aetate
711 2623 762 2691 sua
788 2623 902 2690 inculta
917 2637 948 2689 et
971 2624 1097 2694 barbara

150 2727 317 2808 vivebant,
338 2742 371 2792 et
395 2728 569 2812 Religionis
584 2730 775 2798 Christianae
796 2747 861 2795 non
885 2726 940 2793 nifi
962 2723 1094 2799 sormam

149 2832 268 2899 referre
286 2835 485 2924 yidebantut.
528 2834 641 2917 Neque
665 2849 766 2900 tamen
791 2834 929 2917 gentium
947 2826 1095 2920 Europae

150 2937 428 3019 septentrionalium
442 2952 475 3002 et
488 2936 731 3004 meridionalium
753 2939 855 3003 eadem
870 2935 931 3002 fuit
946 2938 1095 3016 indoles,

150 3040 234 3109 idern
250 3041 429 3123 ingenium,
450 3043 553 3108 eadem
570 3042 755 3125 progressio.
799 3040 945 3121 Namque
959 3039 1096 3111 Germa-

150 3144 236 3211 nicae
255 3145 449 3227 pot'usrrnum
468 3159 578 3228 gentes
593 3147 689 3228 magis
703 3149 862 3229 magisque
875 3145 914 3212 ad
930 3142 1094 3208 cultiorem

132 3251 336 3315 accedebant
355 3248 523 3330 rationem,
544 3252 576 3314 in
587 3252 702 3331 quibus
719 3249 797 3319 saec·
818 3247 893 3314 XVl
904 3245 1014 3314 exstitit
1033 3245 1096 3311 Re·

98 3394 103 3399 -
149 3348 311 3417 formatio.
360 3348 445 3418 Varii
471 3353 668 3418 surrexerunt
697 3352 729 3413 in
759 3350 884 3417 cliversrs
914 3349 1096 3433 regionibus

151 3451 405 3537 Reformatores,
425 3459 457 3523 in
474 3456 591 3538 quinus
612 3453 778 3527 excitandis
794 3469 859 3518 non
878 3452 1015 3521 admirari
1029 3469 1096 3519 non

150 3556 318 3641 possumus
339 3561 436 3628 <livini
465 3561 613 3628 Numinis
644 3579 768 3639 curam,
796 3561 907 3640 quod,
936 3575 971 3623 ut
997 3554 1096 3624 consr-

130 3716 135 3721 .
151 3659 198 3725 lio
219 3663 325 3729 divino
340 3664 501 3733 satisfaciat
517 3685 615 3747 genus
631 3667 818 3744 humanum,
840 3659 1016 3729 Christiana
1032 3662 1096 3726 Re·

152 3764 269 3849 ligione
291 3766 445 3850 beatum,
465 3765 551 3864 viros
574 3767 724 3845 continuo
747 3764 927 3851 suseiuvit,
946 3786 1020 3852 prae
1046 3783 1098 3861 af·

603 3869 636 3933 A
1050 3877 1096 3934 ta·
