2438 4426
427 242 611 325 (141)

101 413 375 510 ,Sacramenta
392 428 525 492 Varroni
532 445 655 510 pignus
657 438 728 508 est,
750 428 833 510 quod
849 428 999 512 litigantes

10 476 158 655 :fficio
171 534 410 613 adquamaram
427 533 638 613 deponebant.
660 533 757 613 etqui
775 531 912 607 vicisset,
932 535 1002 615 pig·

10 610 119 763 :nus
141 652 193 700 aut
215 635 371 717 pecuniam
395 634 475 700 suam
496 636 659 717 repetebat.
703 636 822 703 Rursus
839 637 1002 702 sacramur-

10 722 125 869 :tum
151 738 354 804 iusiurandum
377 755 444 817 est,
473 739 528 821 qui
560 739 631 804 usus
663 742 806 805 vocabuli
837 741 1003 808 etiamnum

10 822 143 975 :apud
161 845 286 923 vulgum
301 843 468 908 Galliarum
485 840 518 906 'et
530 837 748 908 ltiliae'durat.
788 846 1001 911 Postremodi-

10 930 142 1013 tcitur
161 961 192 1011 et
215 946 427 1011 sacramentum
452 946 598 1022 militare,
629 956 694 1027 quo
717 949 826 1012 milites
848 949 919 1014 duci
949 953 1001 1016 ad·

10 1038 55 1085 ²
45 1040 252 1132 stringuntur
270 1050 339 1114 ad
330 1042 491 1130 imperium
516 1046 605 1126 eius,
626 1046 709 1115 iuxta
729 1053 870 1118 bellitus
889 1069 944 1120 aut
956 1059 1000 1119 le

10 1146 26 1187 ¹
10 1172 128 1295 tges.
148 1190 186 1203 -
205 1155 286 1220 Nam
300 1174 361 1235 pro
377 1174 409 1217 re
422 1152 502 1218 sacra
524 1169 555 1219 et
570 1172 680 1219 arcana
694 1158 775 1236 apud
790 1171 908 1221 veteres
925 1161 1003 1225 acci-

10 1250 113 1341 ¹pi,
132 1275 198 1323 non
219 1257 347 1324 constat.
400 1259 492 1324 Unde
513 1258 585 1323 huic
614 1259 785 1338 acceptioni
807 1263 909 1326 locrrm
935 1280 1001 1329 non

10 1358 26 1399 ἶ
58 1363 209 1430 dedimus.
252 1364 366 1442 Neque
381 1361 431 1439 ei,
450 1363 504 1426 ubi
519 1362 643 1442 antiqua
656 1364 701 1427 N.
719 1364 761 1429 T.
774 1367 930 1432 translatio
942 1387 1001 1447 pro

10 1462 23 1505 ²
57 1466 208 1548 mysterio
222 1465 439 1531 sacramentum
456 1467 565 1531 habet:
587 1484 655 1531 nam
673 1467 745 1532 haec
759 1487 822 1532 vox
835 1469 923 1534 istam
935 1489 1002 1534 non

59 1569 220 1650 exprimit,
248 1587 349 1649 neque
371 1567 453 1650 scio,
484 1585 518 1635 ut
541 1571 652 1636 Latina
672 1575 733 1636 ulla
753 1593 814 1639 vox
836 1585 1001 1666 μυστήρια

56 1688 157 1768 probe
179 1674 347 1765 expiimat:
386 1703 455 1749 nam
476 1703 617 1752 areanum
640 1687 677 1750 ad
697 1689 784 1768 plura
804 1692 999 1773 extenditur,

60 1811 152 1885 quam
176 1797 360 1877 μυστήριον,
386 1789 549 1887 ιιθιειιιιιι
570 1791 662 1870 paulo
677 1793 836 1873 angustius
853 1812 911 1862 est.
932 1799 1002 1864 Un-

59 1907 99 1972 de
116 1895 312 1979 adducimur,
333 1921 369 1969 ut
389 1902 603 1968 sacramentum
624 1903 700 1967 niun
718 1904 799 1970 aliud
818 1906 883 1971 esse
897 1909 1000 1974 videa-

58 2028 151 2088 mus,
171 2028 262 2091 quant
277 2008 477 2072 initiationem
497 2021 551 2070 aut
574 2005 870 2086 oppignorationem.
915 2013 1001 2076 Sicut

58 2117 163 2194 eninr,
185 2115 239 2196 qui
252 2115 373 2196 ligaturi
388 2127 495 2188 erant,
516 2124 630 2173 certum
645 2111 788 2190 pecuniae
800 2115 924 2192 pondus
947 2118 1001 2181 de·

58 2214 236 2302 ponebant,
253 2206 343 2300 ⁴quod
356 2215 465 2280 auferri
480 2232 544 2278 non
558 2213 691 2287 licebat,
712 2212 765 2278 nist
781 2216 935 2281 vincenti:
958 2219 998 2284 lic

58 2303 323 2406 qui'lacramentis
336 2322 516 2395 initiantur,
536 2316 595 2381 sese
618 2317 827 2397 adstringunt,
848 2322 1003 2402 oppigno-

58 2445 150 2507 rant,
170 2449 205 2493 ac
220 2430 305 2492 velut
323 2427 502 2492 arrabonem
519 2421 693 2502 accipiunt,
716 2438 749 2486 ut
764 2421 875 2488 referre
890 2428 1000 2505 pedem

58 2552 125 2598 nou
146 2532 247 2596 liceat.
267 2549 307 2586 .·.
327 2531 550 2623 Sacramentum
572 2541 646 2605 ergo
673 2552 711 2570 ·-
737 2524 799 2589 vim
816 2528 928 2594 nullam
949 2530 1001 2598 bass

58 2636 134 2711 bere
147 2650 249 2717 potest
262 2637 300 2698 ad
314 2634 526 2699 conscientiam
541 2627 762 2694 iucundam?

105 2722 133 2819 „¹
145 2742 220 2806 Duo
228 2751 304 2803 cero
313 2737 495 2802 sacramenta
507 2733 632 2797 omnino
646 2732 769 2812 reliquit
783 2737 875 2802 nobis
893 2740 1003 2807 Chris·
1109 2718 1117 2745 ’

59 2822 132 2922 tus,
152 2843 344 2929 Baptismum
367 2851 399 2901 et
422 2836 550 2902 Coenam
572 2838 775 2905 Dominicam.
818 2842 942 2928 Quibus
961 2844 1003 2910 fic

60 2946 232 3025 initiamur,
259 2962 296 3013 ut
319 2948 414 3010 altero
442 2961 556 3009 nomen
581 2945 710 3021 demus,
738 2947 832 3009 altero
856 2948 1003 3014 victoriae

60 3049 180 3114 Christi
192 3052 365 3126 memores,
385 3047 521 3111 noscitis
537 3045 687 3110 Ecclefiae
700 3050 833 3110 membra
850 3049 913 3111 esse
929 3070 1001 3130 pro·

60 3144 181 3216 bemus.
222 3144 403 3233 Accipimus
415 3153 447 3215 in
463 3146 834 3228 Baptismo'symbolum,
855 3155 941 3230 quod
958 3154 1003 3216 vi·

58 3272 119 3320 tam
127 3254 219 3321 fimus
230 3260 269 3322 ad
280 3259 413 3337 regulam
432 3250 549 3318 Christi
563 3248 740 3314 formaturi:
763 3253 870 3316 Coena
892 3256 1003 3320 Domi.

56 3358 546 3441 nicadamusexperimentum,
567 3353 652 3432 rpnod
667 3353 768 3416 tuoni
790 3355 1000 3422 Christi-fidu·

56 3481 146 3539 mus,
167 3483 263 3544 quum
275 3465 461 3545 gramlantes
476 3477 507 3525 et
521 3459 592 3523 laeti
608 3455 749 3520 adsumus
766 3457 799 3522 in
821 3479 860 3523 eo
884 3479 998 3542 coetu,

55 3566 270 3647 quiDomino
294 3566 404 3647 gratias
423 3566 486 3646 agit
506 3582 565 3642 pro
585 3557 735 3625 beneficio
754 3561 996 3647 redemptionis,

54 3669 322 3750 quod‘moricndo
343 3687 401 3750 pro
424 3667 515 3731 nobis
537 3663 701 3730 liberaliter
723 3664 826 3729 dedit.
866 3667 998 3751 Reliqua

52 3771 238 3840 sacramenta
253 3773 443 3839 ceremoniae
459 3769 566 3853 potius
578 3768 669 3848 lunt,
689 3768 766 3833 nibil
786 3769 1001 3863 eniminltiaut

965 3897 997 3943 m
