2438 4426
533 240 719 332 (τεο)

138 439 236 491 terrae
250 424 395 511 abyssum
409 414 565 513 refluant,
586 435 707 499 nullum
726 423 969 505 afferunt'reb'us
984 439 1093 507 huma·
1161 468 1165 477 ¹

138 530 189 595 nis
205 532 359 615 medium,
379 533 431 601 sed
450 536 645 601 commodum
664 535 771 617 potius
792 557 828 606 ac
852 534 992 624 gaudium
1019 545 1095 611 sem-

138 655 195 721 pet
209 638 360 721 rigando,
379 638 589 727 laetificando,
609 659 645 704 ac
668 630 749 708 nova
777 648 912 726 germina
937 647 1098 718 fovendo,

139 742 285 826 Bonum,
307 762 372 826 quo
394 742 556 824 fruemur,
575 742 727 810 infinitum
753 762 823 828 est;
845 751 997 818 infinitum
1018 756 1097 821 hau.

139 848 194 915 riri
210 850 340 933 nequit,
361 866 437 933 ergo
449 838 572 917 metium
590 849 656 915 eius
676 851 826 918 neminem
842 871 946 937 potest
962 878 1093 941 capere,

138 948 260 1036 semper
281 951 360 1018 enim
384 968 418 1019 et
437 970 554 1019 novum
579 969 610 1019 et
626 954 703 1020 idem
727 969 785 1022 est.
828 960 947 1026 Deinde
968 962 1097 1043 speran-

138 1056 213 1123 dum
222 1058 356 1138 esttibi,
374 1056 582 1127 rismumesie
597 1056 791 1143 sanctorum,
811 1065 1032 1145 prudentium,
1056 1068 1096 1132 fi-

138 1163 276 1240 delium,
296 1161 524 1244 constantium,¹
540 1152 687 1242 fortium,
709 1167 915 1233 virtuosorum
930 1170 1091 1250 omnium,

138 1264 316 1349 quicunque
332 1283 349 1330 a
367 1266 774 1349 conditomundofuerunt,
787 1269 996 1348 sodalitatem,
1017 1293 1092 1336 coe-

136 1383 204 1435 tum
218 1384 256 1435 et·
270 1358 533 1437 contubernium·
563 1371 625 1438 Hie
648 1372 868 1450 nudandam,
891 1376 1088 1452 redemptum

135 1493 172 1541 rc
195 1476 441 1559 redemptorem
472 1477 523 1540 hic
556 1468 713 1552 Abdum,
743 1475 930 1557 Enoehum,
959 1476 1087 1558 Noam,

134 1579 369 1661 Abmhamum,
404 1579 558 1659 Iiuicum,
587 1579 754 1660 Iacobum,
786 1581 912 1662 Iudam,
941 1568 1088 1662 Moi‘em,

134 1683 275 1763 laruam,
310 1686 505 1762 Gideonem,
541 1682 733 1763 samuelem,
764 1685 905 1765 Pinhen‚
937 1687 1088 1784 Heliam,

133 1786 312 1867 Heliseum,
331 1787 456 1867 isaiam,
485 1807 520 1853 ae
539 1788 688 1869 deiparam
705 1789 875 1871 virginem,
897 1793 935 1856 de
953 1812 1012 1874 qna
1035 1792 1088 1857 iiie

133 1892 323 1975 praecinuit,
350 1893 520 1971 Davidem,
538 1893 720 1973 damiam,
750 1896 877 1973 Ioiiam,
899 1898 1086 1980 Baptistam,

133 1999 279 2081 Petrum,
306 2000 451 2066 Paulum:
484 1997 535 2063 hic
561 2001 750 2078 Herculem,
779 2000 955 2080 Theseum,
978 2003 1087 2065 Socra-

133 2120 222 2188 tem,
246 2087 432 2180 Aristidem,
463 2103 679 2185 Antigonum‚
714 2105 868 2184 Numam,
897 2106 1085 2184 Camillum,

134 2214 295 2293 Catones,
324 2196 506 2290 Scipiones}
531 2208 580 2275 liic
603 2208 808 2274 antecessores
830 2226 922 2287 tuos,
944 2226 975 2273 et
990 2223 1085 2290 quot-

136 2333 217 2401 quot
234 2316 267 2383 in
284 2314 342 2381 fide
356 2312 429 2379 hinc
443 2314 632 2395 migrarunt,
652 2302 872 2378 maiores'tuos
888 2313 1015 2378 videbis.
1039 2315 1085 2379 Et

134 2419 328 2500 summatim,
344 2437 408 2485 non
425 2417 486 2482 fuit
503 2415 688 2497 virbonus,
709 2435 775 2483 uon
790 2419 846 2482 edt
863 2434 948 2481 mens
966 2417 1083 2494 sancta,

134 2543 200 2593 non
215 2525 314 2595 fidelis
327 2521 445 2602 anima,
468 2523 504 2586 ab
522 2519 586 2602 ipso
603 2521 709 2586 mundi
724 2522 851 2587 exordio
861 2540 958 2602 usque
968 2523 1005 2585 ad
1017 2522 1084 2586 eius

132 2612 423 2697 consummatiunem
435 2662 453 2704 ,·
468 2615 558 2706 quem
579 2644 640 2689 non
662 2626 701 2690 iis
720 2625 810 2689 isthic
832 2644 900 2689 cnm
917 2628 986 2691 Deo
1002 2624 1084 2690 visu·
1151 2710 1154 2715 ι

132 2753 200 2804 rus·
243 2732 317 2821 Quo
333 2726 728 2815 spectaculoquidlaetius,
746 2728 990 2808 *quidamenium
1007 2731 1090 2810 qnid·

132 2839 268 2922 denique
283 2835 548 2914 honorificentius]
561 2835 613 2899 vel
627 2831 752 2911 cogitari
768 2831 906 2912 poterit?
934 2834 1001 2898 Aut
1016 2852 1082 2913 quo

133 2944 247 3011 iustius
265 2924 375 3011 ouffies
397 2940 488 3007 animi
512 2937 595 3003 vires
617 2935 827 3017 intendimus,
850 2941 996 3018 quemad
1024 2938 1084 3003 hn-

132 3050 266 3123 iusmudi
284 3050 364 3117 vitae
377 3049 492 3112 lucrum
502 3043 544 3109 ?”

175 3156 261 3224 Male
273 3173 346 3238 ergo
366 3145 588 3229 crumptistae
602 3148 716 3215 animas
732 3149 1000 3214 contenduntcum
1012 3167 1082 3214 cor·

131 3262 263 3346 punires
286 3257 419 3325 dormire
439 3272 538 3334 usque
565 3255 604 3318 ad
628 3253 796 3321 universale
817 3251 972 3318 iudicium.
1016 3253 1081 3338 Qui

133 3365 300 3438 errorhinc
314 3360 419 3441 venit,
444 3403 464 3435 „
477 3358 563 3438 quod
574 3355 732 3439 nesciunt,
746 3359 826 3440 apud
836 3357 995 3423 Hebraeos
1008 3355 1081 3421 dor-

131 3468 247 3535 miendi
264 3468 394 3534 verbum
413 3461 488 3546 poni
506 3480 566 3543 pru
580 3462 675 3528 verbo
692 3460 894 3547 moriendi”(
915 3464 947 3548 ).
1065 3486 1068 3516 ι

982 3564 1077 3648 §xi

168 3778 223 3861 (r)
241 3780 314 3840 mdes·
336 3776 433 3855 charit.
446 3773 544 3852 Expafi
568 3775 626 3851 Op.
645 3772 743 3833 Τ..Ιῐ.
761 3790 791 3848 p.
812 3786 878 3847 559.
