2438 4426
454 288 618 371 (ot)

57 482 182 550 {uteret
189 484 334 564 plaeimm
344 485 383 548 de
397 477 506 563 χᾶριτι
531 482 563 547 ἓν·
587 488 705 559 littore
719 480 1011 563 itasemperpropo·

56 587 146 667 suit,
167 605 203 652 ut
216 589 366 654 Ecclesiae
384 591 542 656 Romanae
559 593 598 656 de
617 592 713 654 hoece
724 605 842 651 errores
862 587 913 649 vir
930 590 1012 649 aelt‘e

55 692 118 758 vix
139 693 263 773 quidem
284 709 544 760 commemoraret.
601 745 621 778 „
640 696 774 760 Volebat
797 691 878 755 enim
904 691 1014 754 verita·

55 802 126 864 teto
143 799 295 880 cognitam
308 799 341 864 in
358 801 505 867 cordibus
520 802 693 866 auditorum
711 817 798 881 agere
815 797 901 860 suurn
916 792 1011 858 offici-

56 906 128 967 um.
170 901 251 966 Nam
274 904 356 968 veris
382 905 539 989 perceptis
562 920 594 969 et
617 905 800 980 intellectis,
830 901 912 966 haud
934 899 1012 980 dili·

57 1006 162 1077 culter
179 1002 252 1070 falsa
276 1009 504 1089 cognoscimus.
549 1011 698 1096 Quamvis
724 1030 782 1073 nec
806 1027 861 1087 per
886 1016 1009 1085 tempus

56 1121 129 1175 mm
142 1110 261 1174 licuerit
276 1111 373 1179 aliter.
416 1113 505 1179 Prius
522 1115 603 1178 enim
625 1113 736 1176 veritas
752 1115 782 1174 in
802 1125 885 1174 tanta
911 1108 1009 1172 homi·

57 1230 137 1289 num
159 1217 359 1295 protervitate
386 1231 418 1281 et
440 1219 552 1283 malitia
575 1217 714 1300 paenitus
745 1215 851 1281 suisset
884 1212 1011 1290 aurisia,

57 1337 152 1399 quam
167 1319 279 1385 abusus
300 1321 473 1403 Religionis
487 1322 647 1387 sublatus'’
663 1323 733 1399 (r).
776 1322 888 1385 Postea
907 1332 1011 1381 autem

58 1410 134 1488 cum
143 1425 315 1507 Tigurinus
332 1424 391 1490 iam
407 1427 549 1492 Antistes
559 1446 660 1491 eoram
669 1425 831 1491 Glareunis
847 1423 1011 1502 aliquando

57 1529 204 1594 oratione
224 1531 354 1594 haberet
367 1532 497 1609 sacram,
519 1545 603 1594 antea
628 1529 660 1592 se
677 1550 732 1592 eos
747 1533 834 1609 plura
850 1524 1012 1604 docuisse,

58 1646 141 1714 'quae
167 1633 313 1715 deinceps
344 1654 463 1700 errores
487 1633 550 1698 esse
571 1635 831 1714 deprehenderat,
852 1630 1011 1713 professus

58 1753 130 1825 ost,
151 1756 272 1820 eosque
291 1739 470 1822 admonuit,
492 1755 528 1806 ut
543 1740 630 1807 libris
649 1741 737 1805 unice
752 1739 948 1804 adhaererent
968 1737 1012 1803 ia·

57 1842 211 1926 eost)-
605 1925 614 1941 ,

105 1948 148 2011 At
164 1946 335 2030 Zuingli
345 1967 387 2013 us
401 1949 439 2013 ad
455 1948 681 2015 Monasterium
703 1950 914 2017 Eremitautrm
937 1967 1011 2030 pro

56 2050 184 2126 fectus,
211 2068 422 2134 opportunum
453 2052 511 2116 iarn
535 2053 638 2118 adesse
660 2069 786 2134 tempus
819 2051 1010 2129 autumavit,

57 2155 171 2220 diserte
191 2157 289 2238 magis
309 2157 453 2235 quaedam
471 2157 625 2223 Ecclesiae
651 2158 809 2225 Romanae
833 2157 943 2238 placita
964 2175 1012 2220 re-

57 2260 291 2343 prehendendi,
315 2260 432 2342 quippe
449 2261 481 2326 in
504 2261 538 2326 S.
567 2263 650 2327 cod.
668 2280 733 2325 non
756 2260 890 2326 fundata.
935 2260 1009 2345 Quo

58 2380 203 2445 tempore
221 2364 315 2445 igitur
335 2362 502 2431 Christiani
525 2366 716 2448 Angelorum
738 2366 853 2430 festum
878 2366 1013 2430 celebro-

59 2473 158 2547 bant,
180 2468 212 2532 in
229 2468 268 2531 iis
281 2466 479 2548 periclitanda
488 2468 556 2532 esse
571 2471 627 2536 fibi
643 2472 749 2545 duxit,
770 2489 849 2551 quae
859 2473 1010 2547 valerent,

57 2587 98 2638 ut
115 2573 248 2639 solennis
263 2571 325 2637 diei
348 2573 589 2651 institutionem,
611 2593 642 2638 et
667 2593 779 2640 rectam
797 2576 894 2639 Deum
917 2575 1011 2637 Sant-

59 2691 175 2758 totque
193 2677 313 2742 colendi
329 2677 476 2740 rationem
496 2679 607 2744 melius
625 2679 831 2760 intelligerent
852 2679 1007 2744 homines.
1061 2736 1064 2742 .

57 2784 199 2861 Docuit,
219 2785 322 2849 Deum
336 2783 452 2864 ubique
468 2781 531 2846 etse
549 2781 757 2866 praesentem,
778 2804 834 2851 nec
849 2784 1010 2867 proprium

59 2887 116 2953 fibi
128 2890 283 2954 vindicare
296 2888 421 2966 locum,
443 2904 507 2970 quo
526 2904 631 2968 proces
654 2888 737 2954 fusae
756 2891 785 2954 ei
798 2889 897 2969 magis
910 2889 1011 2955 essuri

59 3005 163 3075 gratae
196 3006 420 3073 acceptaeque;
460 2994 562 3057 Deum
599 3013 675 3059 vero
719 2994 903 3059 adorandum
945 2991 1009 3057 esse

60 3105 93 3171 iv
112 3104 270 3183 meduaci
289 3105 343 3171 uui
369 3102 519 3188 ἀληθείῃ
543 3122 644 3186 neque
659 3107 737 3170 hanc
760 3106 824 3170 esse
837 3104 1009 3185 Religionis

59 3208 276 3293 indolem‚'ut
297 3214 510 3296 expeditiones
532 3226 734 3293 quascunque
758 3211 854 3276 sacras
875 3209 1011 3290 suscipe·

59 3335 150 3400 rent;
174 3340 283 3386 verum
305 3341 389 3400 eam,
419 3334 455 3384 ut
481 3316 585 3400 pravis
606 3315 785 3380 obsisterent
810 3315 1009 3391 libidinibus,

973 3434 1009 3486 ut

96 3567 153 3647 (ι’)
172 3570 240 3629 Sunt
260 3573 346 3628 verba
367 3571 558 3660 Myconii,
576 3570 605 3627 in
626 3569 692 3626 vita.
709 3530 897 3644 Fragmentum
906 3572 1008 3631 oratio-

59 3666 102 3720 nir
111 3664 211 3736 sacras
224 3709 236 3755 ,
252 3669 386 3738 Clarorum
396 3667 524 3736 habitae,
544 3665 638 3723 videas
646 3662 718 3736 apud
739 3662 756 3719 S
769 3673 785 3719 c
797 3661 815 3718 h
828 3679 847 3718 ιι
859 3662 869 3717 l
881 3678 898 3719 e
911 3677 925 3720 r
936 3702 948 3733 ,
959 3661 1006 3720 tl.

60 3756 89 3814 S.
116 3776 148 3815 12
192 3759 209 3815 s
224 3802 233 3818 .
632 3780 637 3793 ·

97 3776 326 3928 (2)3quteri
354 3869 384 3913 et
411 3851 847 3930 Vogelin,Jalrrt.S.3u.
