2438 4426
535 268 725 365 (¹90)

567 450 678 559 tin.
812 450 856 461 ”

152 670 277 743 Mittit
290 698 357 746 cam
379 684 448 769 ipsa
461 676 643 751 'enuntiandi
659 690 762 771 ratia',
784 682 856 757 tam'
870 697 1039 766 emendata
1058 703 1099 770 ab

166 792 172 805 ’
237 784 278 849 iis
300 788 451 875 Societas,
471 790 630 858 Helvetiae
646 792 1000 872 Germaniaaaindolem.

191 972 253 1039 Est
271 973 383 1041 baeete
400 974 557 1043 bantinum
577 979 719 1048 consueta
744 985 841 1065 tatio,
863 974 904 1052 ut¹
920 988 1102 1073 Religionis-

149 1076 345 1143 etiotietatie
362 1077 490 1146 formam
510 1084 547 1148 ad
561 1082 641 1149 suam
655 1085 801 1155 sentiendi
821 1093 992 1175 agendique
1020 1115 1100 1162 not«

145 1200 225 1249 mam
244 1203 442 1266 componant.
486 1188 568 1252 Hinc
584 1188 665 1253 vatia
685 1189 743 1254 fuit
767 1193 860 1274 ipsius
883 1194 1100 1263 Refonnatioi

144 1286 250 1353 atisin
278 1287 366 1351 vatiis
386 1288 625 1369 regionibtts'via
647 1309 682 1353 ac
705 1294 791 1357 tatio.
834 1299 949 1377 Neque
976 1302 1102 1368 nlirtttni

142 1392 220 1459 adea
239 1392 316 1460 hanc
337 1390 521 1474 Zuinglii
542 1390 800 1457 Reformationetu
814 1400 940 1476 prorsus
965 1407 1104 1470 ferulis-²

143 1496 177 1563 se
191 1498 348 1565 Helvetiae
361 1497 561 1567 Germanicae
574 1495 727 1571 indoleam
751 1500 835 1574 quod
850 1518 866 1561 e
882 1499 969 1580 sapia
992 1508 1100 1572 dictis²

140 1600 232 1667 facile
259 1602 407 1669 evincitur
433 1604 484 1681 (P.
507 1601 585 1680 ll),
614 1595 740 1661 malinae
761 1618 830 1663 eum
865 1601 896 1664 in
925 1605 978 1670 illa¹
999 1625 1084 1673 arcte

142 1707 306 1771 mniuneta
329 1705 391 1769 fuit
404 1704 487 1769 eausa
508 1699 604 1768 civilis
624 1712 655 1765 et
674 1696 885 1771 ecelesiastica.

182 1808 307 1876 Exliitit
327 1804 511 1888 Zuinglii
531 1803 721 1872 Reformatio
742 1808 773 1874 in
789 1810 929 1879 Helvetia
951 1812 1094 1880 Germa·

139 1912 231 1995 nica,
251 1908 568 1998 quaeRentpublicatn
593 1910 812 1995 constituebat,
835 1935 866 1979 et
881 1933 969 1998 gente
994 1919 1083 1982 inco·

138 2022 258 2088 leb'atut
274 2020 420 2088 libertatis
434 2015 579 2081 acerrimo
594 2016 692 2082 studio
708 2020 881 2100 conspicua.
925 2022 998 2108 Quo
1014 2023 1096 2090 fao·

137 2140 227 2208 tunt,
248 2144 284 2196 ut
298 2126 358 2209 ipsa
372 2125 419 2189 illa
437 2138 506 2201 cunt
524 2122 690 2200 libertatis,
720 2139 784 2190 tum
806 2126 1007 2208 Reipublicae
1032 2149 1093 2194 ra.-

137 2233 185 2300 tio
198 2235 230 2299 in
248 2254 284 2301 ea
297 2222 505 2302 dominaretur.
527 2226 581 2292 Uti
599 2226 816 2294 inMonatcltia
835 2250 851 2294 a
871 2232 1020 2314 Principis
1040 2231 1080 2298 st·

136 2348 178 2404 v'e
197 2342 370 2417 voluntate,
399 2333 458 2399 slve
478 2329 611 2412 politicis
637 2330 741 2395 liltdiis
766 2336 894 2415 plutima
919 2338 1076 2418 pendent,
1187 2422 1192 2431 ι

136 2440 180 2507 ita
197 2444 228 2509 in
247 2436 481 2523 Rebuspublicis
500 2450 608 2500 cuncta
633 2433 696 2499 fere
716 2456 734 2500 a
755 2443 893 2520 populo,
916 2441 1073 2522 ipliusque

136 2548 283 2630 delegatis
294 2540 487 2614 administrati
503 2539 619 2618 solent,
634 2554 671 2604 et
688 2540 719 2603 in
741 2542 846 2622 populi
861 2559 1017 2609 conventu
1038 2547 1075 2612 st-

134 2670 174 2715 ve
202 2654 329 2717 Senatu
344 2646 474 2715 deeetni.
524 2644 611 2728 Quae
636 2644 682 2708 ¹uti
710 2644 741 2706 in
765 2645 887 2724 politica
910 2648 1087 2717 Helvetiae¹

131 2756 331 2832 conditione,
352 2755 408 2817 hac
422 2750 542 2831 quidem
562 2758 674 2823 aetate,
698 2748 944 2843 occurrunuia
968 2755 1072 2818 eadent

131 2859 182 2926 illa
206 2860 237 2925 in
259 2858 486 2927 Reiorntatione
514 2848 692 2914 instituenda
713 2851 803 2915 nobis
834 2849 894 2915 sese
923 2854 1070 2924 efferunt.

131 2968 283 3049 Exempla
303 2967 424 3049 praebet
440 2960 500 3042 ipsa
514 2953 763 3021 ¹Refortnationis
785 2954 951 3036 Tigurinae
973 2962 1073 3026 histo·

134 3074 192 3140 rit.
233 3072 281 3139 Ibi
295 3070 373 3137 enini
391 3068 508 3151 publica
528 3058 725 3139 auctoritate,
748 3074 779 3123 et
800 3063 1071 3142 quidem'Senatus

135 3179 286 3248 Consulto
301 3175 400 3242 omnia
414 3168 688 3236 constituebantur.¹
724 3165 779 3230 Uti
795 3167 872 3230 enim
891 3166 922 3230 in
941 3168 1069 3234 Getnta·
1085 3196 1089 3201 ·

134 3286 186 3351 nia
200 3286 231 3349 in
249 3280 379 3348 comitiis
400 3270 572 3343 Lutberi
591 3268 675 3333 caula
690 3270 852 3348 agebatur,
875 3270 914 3335 ita
932 3271 993 3336 iilic
1008 3272 1070 3339 sae-

135 3389 259 3474 pissnne'
274 3384 419 3453 Caroli
439 3383 479 3447 V.
502 3362 662 3444 auctoritas
679 3371 774 3434 valuit
796 3374 834 3437 ad
848 3374 1068 3439 diiudicandum

136 3485 377 3563 Reformationis
400 3486 533 3563 cauian3
563 3476 651 3542 cuius
672 3494 740 3538 cutn
766 3475 891 3554 politica
913 3476 1005 3544 studia
1024 3478 1071 3542 vi·

136 3603 236 3670 eissttn
261 3599 309 3663 vel
339 3594 470 3660 faverent
491 3590 540 3654 vel
562 3595 704 3647 nocerent
728 3578 973 3660 Ralbttnationi,
995 3583 1083 3648 bine-

138 3723 249 3785 anceps
265 3718 297 3767 et
312 3698 402 3766 dubia
422 3696 531 3763 diutius
547 3684 657 3753 exstitit
671 3682 735 3747 eius
752 3683 783 3746 in
804 3684 966 3750 Germania
996 3704 1070 3751 con·

139 3812 224 3884 ditio.
269 3808 386 3872 Contra
399 3821 471 3869 veto
486 3800 515 3863 in
534 3787 693 3871 Helvetia,
715 3805 791 3869 quae
806 3807 823 3853 a
837 3789 927 3871 plebe
943 3791 1069 3855 maxime

177 3930 185 3939 “
255 3926 261 3935 ’
996 3910 1067 3975 pto·
