2438 4426
545 224 707 307 (54)

159 423 223 473 ·.os
266 405 465 493 Quantopere
486 406 564 470 eninr
582 406 765 475 Christianis
789 405 986 472 laborandum
1009 423 1097 490 erat,

156 528 192 577 ur
208 511 303 579 hosce
323 511 479 597 populos,
500 512 537 575 de
549 530 735 597 proavorum
760 509 1031 579 consuetudinibus
1053 529 1099 579 at·

154 636 216 698 que
228 612 542 680 rnstrtutrsadmodum
550 614 717 695 sollrertos
739 635 776 680 eo
786 618 903 683 tatrdem
911 585 1100 684 ducerentur

152 712 352 800 Religionem
362 717 575 803 profiterentur
590 721 811 788 Christianam.
849 720 950 806 Quum
965 721 1011 785 illi
1026 741 1101 803 pro·

152 825 273 891 litentes
305 845 378 907 mox
414 827 452 890 ad
477 803 628 892 rudiorem
656 828 733 891 adeo
765 825 847 890 suam
868 825 1000 890 indolem
1019 846 1100 906 quo·

149 931 314 997 dammodo
336 948 526 1010 componere
560 930 730 996 studebant.
779 930 909 993 Sanctos
932 927 1003 994 illos
1033 944 1100 997 tan·

151 1054 244 1116 quam
269 1026 381 1099 heroes
400 1032 551 1114 suspicere
572 1050 664 1117 atque
686 1033 824 1099 venerari
843 1048 1032 1116 coeperunt:
1066 1033 1100 1107 in

28 1138 32 1149 '
122 1136 124 1141 ’
149 1138 359 1206 Hierarelriam
376 1138 546 1203 Romanam
569 1138 708 1205 militaria
723 1136 774 1201 sua
789 1138 1023 1209 transtulerunt·
1036 1136 1099 1205 stu,

150 1242 221 1320 dia,
243 1243 322 1308 unde
346 1240 460 1307 factum
483 1255 550 1321 est,
576 1259 613 1310 ut
635 1242 834 1325 indulgerent·
851 1259 942 1320 quam
966 1241 1096 1316 maxime

149 1345 389 1433 expeditionibus
394 1344 515 1426 sacris,
528 1358 620 1428 atque
637 1350 784 1434 equestris
798 1347 849 1412 illa
865 1345 942 1413 ratio
955 1346 994 1411 iis
1007 1346 1097 1415 valde

147 1452 293 1532 placeret.
316 1450 399 1519 Hinc
416 1450 510 1532 igitur
524 1452 749 1532 probabilem,
767 1451 928 1521 Helvetios
944 1450 1096 1523 iraeadem

146 1575 180 1621 re
195 1557 362 1637 Hebraeis,
383 1556 600 1638 Arabibusque
615 1576 644 1623 et
660 1555 936 1624 Germanicisistis
947 1554 1096 1639 populis,

149 1682 168 1727 e
187 1663 300 1742 quibus
309 1675 338 1726 et
351 1660 407 1743 ipsa·
415 1646 559 1745 originem
571 1676 752 1739 traxerunt,
768 1660 1094 1735 esseadnumerandos,

148 1765 238 1850 Quae
250 1785 319 1830 cum
329 1766 441 1848 cuique
449 1768 562 1835 hancce
570 1766 687 1834 causam
696 1768 864 1832 accuratius
873 1765 1094 1849 investiganti,

146 1869 216 1935 satis
231 1872 400 1937 luculenter
408 1888 576 1955 apparent3
592 1873 643 1937 bie
658 1872 776 1939 sumere
794 1874 887 1952 lieet,
908 1869 1093 1948 Helvetios,

144 1974 288 2054 quamvis
304 1974 543 2043 Reformationis
560 1974 705 2047 defiderio
717 1975 782 2042 fere
800 1979 1006 2052 ducerentur,
1027 1990 1094 2040 non

143 2095 311 2162 propterea
328 2095 432 2148 tamen
446 2083 579 2149 indolem
595 2080 807 2149 commutasse.
850 2081 903 2144 Ab
920 2080 1023 2143 eadem
1040 2098 1094 2145 au-

147 2199 210 2249 tem
226 2187 319 2251 hacce
335 2185 439 2252 indole
461 2207 567 2254 eorum
592 2208 719 2270 quoque
737 2185 895 2268 regiminis
916 2183 993 2250 ratio
1009 2182 1092 2251 suant

145 2290 483 2372 acceperat'formam,
511 2312 589 2373 quae
610 2290 741 2356 vicissrm
756 2290 788 2354 in
805 2304 933 2368 cuncta,
958 2307 1036 2369 quae
1053 2287 1094 2355 ed

144 2411 284 2475 magnam
298 2396 330 2460 ia
350 2394 513 2476 Religione
530 2391 800 2458 commutationem
817 2393 928 2456 ducere
946 2391 1093 2459 videban-

138 2511 221 2574 tur,
242 2495 323 2564 suam
350 2496 413 2562 vim
433 2515 498 2562 non
520 2497 653 2562 exserere
680 2512 743 2563 non
769 2495 884 2579 potuit.
927 2496 979 2561 Ab
1003 2495 1091 2559 hisee

138 2617 248 2664 autern
268 2603 399 2666 ulterius
417 2602 584 2682 probandis
605 2602 815 2668 abstinendum
837 2601 928 2668 nobis
956 2613 1005 2666 est
1027 2601 1102 2665 boc·

134 2705 239 2782 loco,
260 2723 330 2770 eum
357 2704 481 2785 esupra
501 2703 617 2786 allatis,
647 2705 716 2770 satis
739 2719 861 2789 patentt¹
901 2706 989 2771 Hanc
1013 2714 1089 2769 vero

143 2825 203 2871 nos
218 2811 256 2874 ad
271 2811 433 2872 nonnullas
449 2812 566 2875 ducunt
580 2810 824 2890 observationes,
841 2830 919 2893 quae
934 2812 971 2878 ad
985 2808 1091 2877 seeun-

143 2913 212 2978 dam
234 2910 315 2977 Diss.
338 2928 456 2993 partem
476 2912 556 2978 viam
579 2913 671 2980 nobis
690 2929 808 2995 parant.

133 3062 137 3073 -
184 3017 487 3097 Prima‚‘Snerorum
505 3015 598 3083 serite
613 3018 776 3084 constituta
788 3016 874 3085 foret·
884 3017 1088 3099 Emendatio,

142 3123 258 3188 liberali
263 3137 320 3186 rate
330 3122 398 3201 illa,
411 3141 484 3187 vere
494 3121 683 3200 Christiana,
693 3121 855 3204 conspicua
865 3122 930 3188 esse
938 3122 1088 3203 debebat,

142 3247 268 3308 eamque
290 3231 327 3295 ad
342 3227 425 3292 suam
445 3227 540 3293 veluti
555 3241 691 3294 naturam
708 3227 831 3295 reterre.
875 3229 1012 3315 Quanam
1030 3227 1089 3311 igi·

131 3346 192 3396 -tur
212 3334 348 3414 ingente
373 3333 547 3399 istiusmodi
568 3333 644 3398 ratio
670 3336 782 3400 rectius
805 3332 956 3415 potuisset
977 3351 1089 3414 proce·

129 3439 237 3514 dere,
260 3455 349 3517 quam
366 3437 398 3500 in
416 3439 471 3501 bac
485 3439 699 3506 Helvetiorum
714 3451 823 3521 gente,
846 3456 978 3517 quorum
994 3438 1087 3511 liber·

30 3594 33 3606 ⁴
134 3541 211 3602 tatis
234 3541 336 3605 sensus
351 3561 406 3604 nee
429 3542 571 3621 Regum,
593 3562 692 3622 neque
709 3540 930 3622 Imperatorum
951 3541 1086 3606 conami-

140 3639 253 3718 nibuS,
291 3663 392 3726 neque
429 3642 521 3725 ipsrus
541 3645 667 3725 -quidem
695 3643 889 3733 Hieratchiae
917 3645 948 3709 vi
977 3647 1086 3729 oppri-

141 3743 204 3827 mi,
225 3748 336 3812 nedum
361 3747 464 3815 divelli
482 3748 615 3832 potuit?
654 3748 775 3814 Deinde
799 3749 837 3814 ad
858 3755 1084 3832 procurandam

974 3855 1085 3923 ’.Μ’
