2438 4426
464 269 487 357 (
529 291 590 355 1¹³
629 273 659 359 )·

246 456 474 603 carna
532 470 879 591 nuenton(
931 485 933 488 ’
1009 485 1036 581 ’.

307 762 353 810 os
376 756 585 810 normann
605 726 803 816 oocaemu.
893 831 897 838 ¹

166 1003 171 1012 -
253 1010 257 1025 ι
347 938 758 1025 Μῦς-ηι-

83 1085 271 1231 Diximus
291 1159 348 1227 iam
371 1163 412 1229 de
430 1161 568 1243 ratione,
590 1160 927 1245 quaReformationem
945 1168 1031 1238 inlli-

83 1269 143 1333 ιιι
162 1266 399 1349 naengum.
442 1268 525 1355 nme
546 1282 649 1333 autem
668 1252 821 1335 nitemur
836 1271 916 1353 ipsa,
938 1293 1030 1356 quam

82 1368 262 1454 proposuit,
286 1370 436 1436 domnina
479 1369 678 1457 Quapropter
693 1373 787 1439 huius
803 1377 940 1458 cognitio
963 1398 1031 1444 om·

83 1473 169 1538 nium
184 1473 313 1539 maxime
328 1472 474 1555 conducit
492 1476 531 1540 ad
549 1473 691 1541 iudicium
709 1478 746 1542 de
764 1478 845 1545 illins
870 1479 1031 1548 reforma.-

81 1578 166 1643 tione
185 1578 243 1643 rite
267 1580 451 1660 regundutn.
494 1577 592 1644 Simul
614 1598 690 1644 veto
716 1579 938 1657 observandum
959 1599 1031 1671 est,

81 1677 268 1761 eocon'srlio
292 1680 373 1746 suam
395 1681 633 1764 zuinglium
653 1685 818 1766 protulisse
838 1688 1027 1770 doctrinam,

82 1801 117 1851 ut
132 1788 343 1851 emendaretur
357 1785 478 1866 Religio
494 1787 736 1854 pontificiorum.
779 1790 864 1856 Hinc
878 1790 928 1856 illa
944 1791 1032 1875 spec·

83 1892 172 1971 tenda
188 1907 236 1955 est
250 1890 389 1974 opposita
405 1889 513 1955 horum
541 1890 670 1973 placitis.
716 1893 947 1974 Zuinglium
974 1895 1032 1977 igi·

82 1994 284 2062 ornicum
308 1997 386 2060 adeo
403 1995 643 2084 Dogmaticam,
662 1996 714 2061 sed
736 2016 811 2062 vero
834 1996 1032 2081 Refhrmato·

81 2121 147 2181 roo
164 2102 317 2165 attendere
332 2100 508 2167 debemus.¹
535 2098 630 2184 Quod
646 2112 681 2165 ut
696 2101 754 2164 rite
770 2099 843 2181 fiat,
865 2104 1031 2182 prudenter

79 2205 182 2288 acturi
203 2205 295 2270 nobis
316 2204 478 2281 videmur,
498 2203 644 2285 siquidem
666 2201 923 2271 commentarium
942 2206 1031 2275 illum

80 2309 120 2375 dc
140 2329 217 2376 sera
239 2308 373 2392 rescisa
385 2308 566 2393 Religions,
585 2305 705 2377 fontem
726 2309 876 2392 imprimis
900 2308 1030 2375 adhibe·

82 2433 192 2495 arnus,
213 2430 277 2481 tum
298 2414 369 2497 quia
394 2432 433 2479 eo
460 2414 492 2478 in
516 2414 596 2480 libro
623 2410 677 2478 sua
695 2414 806 2495 plicita
833 2411 866 2477 in
887 2412 1028 2480 ordinem

79 2517 219 2600 redegit,
248 2517 387 2600 opposita
408 2517 566 2583 Romanae
588 2514 737 2585 Ecclesiae
763 2517 1029 2598 erroribus3tun

84 2624 156 2705 quia
177 2623 414 2705 quamplurima
430 2621 574 2708 fufiusrn
595 2623 715 2703 hocce,
747 2641 838 2703 quam
869 2621 900 2686 in
925 2633 1028 2707 caete7

82 2725 125 2791 ris
132 2725 332 2815 ,exposui13
354 2742 419 2791 tum
436 2727 567 2809 denique
580 2726 749 2808 quiahiece
764 2723 865 2793 liber
856 2740 936 2791 mter
953 2724 1026 2791 ulti·

82 2848 172 2910 mos,
201 2850 282 2910 quos
305 2810 461 2909 confecit,
490 2831 637 2898 censetur.
680 2827 756 2895 ln
736 2849 775 2895 us
794 2843 916 2910 autem,
947 2848 1028 2911 quae

80 2933 194 2998 maiore
219 2934 418 3000 illustratione
435 2935 572 3018 indigere
590 2934 772 3014 videantur,
792 2947 910 2999 caetera
933 2933 1026 2998 etiam
1163 2961 1166 2968 ·

81 3037 296 3104 adhibebimus
315 3038 505 3121 Zuinglii
524 3036 647 3118 scripta.

123 3140 221 3225 Quod
230 3157 332 3208 autem
344 3141 437 3225 ipse
425 3145 463 3209 ad
477 3145 621 3207 lectorem
637 3150 683 3202 est
696 3131 870 3219 praefatus,
892 3135 924 3202 in
939 3151 1026 3204 ante·

79 3243 197 3308 cessum
214 3241 310 3310 ferme
320 3247 484 3311 tenendum
501 3244 635 3309 videtur
682 3239 938 3322 „Promiseram,
954 3260 1026 3308 can·

78 3347 230 3415 didislime
247 3353 363 3431 lector,
384 3340 583 3437 anteamtum
602 3343 718 3424 ferme,
739 3346 844 3411 multis
864 3363 946 3412 trans
968 3347 1027 3412 Al·
1050 3348 1053 3352 ’

80 3471 137 3532 pes
152 3455 251 3522 doctis
265 3455 389 3538 piisque
404 3452 604 3530 hominibus,
625 3468 757 3534 quorum
772 3453 913 3517 nonnulli
930 3453 1025 3517 multa

76 3542 198 3625 mecum
222 3561 268 3627 de
282 3563 435 3641 plerisque
449 3556 530 3625 fidei
554 3558 648 3624 rebus
670 3575 772 3622 coram
810 3554 1023 3636 contulerant,

77 3680 177 3727 meam
193 3665 231 3729 de
246 3660 411 3747 Religione
430 3660 605 3733 Christiana
616 3658 793 3727 sententiam
808 3656 917 3725 Latine
931 3658 1026 3743 scrip·

79 3780 195 3831 turum.
206 3762 430 3848 Obstiterunt
453 3764 651 3862 aliquamdiu
661 3763 759 3829 vanae
782 3762 1024 3865 occupationes,

39 3881 46 3889 “
78 3889 143 3951 quo
158 3867 419 3954 tumuspromtsia
429 3870 658 3952 praestaremus.
701 3868 865 3950 Attamen,
886 3883 921 3936 ut
926 3862 1027 3951 spon·
1109 3880 1113 3891 ·

523 3975 557 4042 ll
989 3972 1027 4038 de
