2438 4426
512 250 678 338 (as)

73 488 76 493 -
119 443 173 512 ius
195 437 345 524 ungitnr,
366 435 489 504 undem
506 438 597 505 discit
621 438 781 520 confiteri„
800 439 891 511 sunit
914 444 1069 516 melioris·

120 552 219 627 fiam,
245 542 413 612 consuescit
432 544 590 625 quiescere
614 542 723 608 diebus
757 545 866 642 festis,
893 553 997 616 audire
1023 552 1073 618 sas

123 664 236 731 crum,
267 649 400 715 ieiunare
431 663 675 728 nonnunquam,
703 646 850 716 abstinere
872 671 890 717 a
911 654 1068 721 carnibus.

123 756 170 823 Et
185 755 258 821 haec
272 750 295 817 fi
311 750 425 830 servat,
446 753 578 816 habetur
598 750 735 816 obsolute
752 752 960 820 Christianus.
1002 760 1071 825 Du.

125 859 170 922 cit
185 871 334 935 uxorem,
356 856 472 922 accedit
492 854 574 920 aliud
596 856 847 922 Sacramentum:
871 859 1008 926 initiatur
1027 862 1071 928 sa-

125 961 211 1040 cris,
231 957 333 1026 rursus
354 958 481 1041 ungitur
505 971 537 1022 et
558 957 774 1038 consecramr,
794 975 929 1027 mutatur
950 967 1071 1046 vestis,

124 1067 270 1136 dicuntur
281 1083 401 1144 preces.
421 1065 539 1146 Magna
551 1082 622 1143 pars
636 1063 818 1145 hommum,
835 1069 909 1131 dum
924 1066 974 1132 his
983 1068 1072 1152 fidit,
1164 1113 1167 1116 »

124 1169 245 1234 interim
271 1189 328 1252 per
350 1167 399 1232 fas
419 1167 570 1248 nefasque
592 1169 734 1250 congerit
751 1188 853 1250 opes,
873 1172 964 1236 servit
987 1172 1072 1253 irae,

124 1273 269 1352 lbidiui,
299 1271 532 1351 servituros,
560 1272 651 1337 servit
675 1273 858 1341 ambitioni:
887 1273 928 1340 fic
951 1280 1073 1347 tandem

123 1379 248 1443 venitur
268 1378 304 1441 ad
327 1392 469 1442 mortem.
513 1378 574 1442 Hic
596 1374 697 1443 rursus
717 1380 921 1445 caeremoniae
936 1399 1068 1462 paratae.

125 1481 302 1548 Adhibetur
321 1481 473 1548 confeslio
487 1479 575 1547 semel
595 1495 687 1564 atque
704 1482 835 1563 iterum,
855 1486 975 1551 additur
998 1507 1074 1554 unc·

126 1586 192 1667 tio,
211 1585 304 1651 datur
327 1584 530 1663 eucharistia,
544 1583 652 1652 adsunt
666 1587 747 1652 cerei
762 1586 858 1668 sacri,
874 1591 960 1655 adest
971 1608 1072 1675 crux,

124 1693 211 1758 adest
231 1710 311 1772 aqua
335 1689 438 1770 sacra,
459 1689 640 1756 adhibentur
669 1691 894 1772 indulgentiae,
917 1698 1071 1776 expromi·

125 1810 198 1874 tur,
219 1813 272 1861 aut
293 1795 353 1861 illic
378 1795 466 1860 etiam
485 1796 597 1860 emitur
618 1797 760 1862 morienti
785 1799 921 1880 diploma
942 1800 1072 1868 Pontifi-

125 1901 193 1979 eis;
223 1899 402 1967 ordinantur
426 1899 590 1982 parentalia
620 1896 778 1980 magnifice
810 1905 1007 1984 celebranda;
1036 1906 1074 1974 fit

127 2003 231 2075 rursus
245 2003 399 2087 stipulatio
413 2003 568 2083 solennis3
590 2005 693 2081 adest,
716 2006 769 2083 qui
785 2005 893 2070 clamet
908 2011 947 2073 ad
965 2029 1073 2078 aurern

126 2108 304 2186 norierrtis3
325 2108 389 2174 imo
411 2125 635 2185 nonnunquam
654 2106 766 2170 occidit
790 2124 860 2172 ante
882 2115 1073 2190 tempus,fi

124 2214 310 2293 contingat,
326 2225 361 2276 ut
376 2210 462 2292 saepe
475 2210 528 2290 fit,
548 2208 705 2291 vocalior,
724 2225 778 2276 aut
793 2212 870 2276 bene
885 2225 981 2294 potus
1000 2219 1071 2301 (r),

126 2319 204 2392 Non
218 2317 397 2395 tenebatur
417 2333 492 2397 crgo
519 2313 654 2381 salutaris
672 2315 744 2397 illa,
759 2336 838 2398 quae
854 2316 933 2383 inest
953 2316 1072 2409 dirime

126 2437 250 2488 nostrae
260 2420 437 2503 Religioni,
449 2420 540 2485 visin
552 2420 716 2488 hominurn
729 2420 907 2504 cogitandi,
923 2420 1081 2492 studendi

127 2528 297 2611 agendique
317 2506 512 2594 numeni·

166 2632 239 2699 Nec
254 2631 367 2696 mirum
385 2634 461 2696 adeo
474 2631 535 2697 hoc
552 2627 645 2698 nobis
665 2629 801 2713 accidat,
823 2631 931 2700 ficum
953 2648 1073 2703 caetera

126 2739 178 2808 illa
196 2739 238 2802 ob
261 2737 371 2801 oculos
390 2737 576 2816 habeamus,
597 2753 662 2802 tum
684 2738 822 2820 perditos
837 2737 971 2820 ipsorum
990 2741 1074 2808 Pon-

128 2844 245 2912 tificum
267 2862 301 2905 ac
325 2839 520 2908 Clericorum
539 2841 810 2908 animadvertamus
829 2862 945 2911 mores.
989 2845 1076 2933 Qua·

127 2951 174 3014 les
200 2946 280 3012 enim
301 2940 410 3024 fuere,
437 2943 543 3028 quise
564 2946 704 3011 Vrcarios
728 2947 847 3013 Christi
867 2949 1021 3027 dicerent,
1042 2963 1074 3013 et

130 3052 233 3118 Sancti
248 3051 344 3118 Patris
359 3050 483 3117 nomine
496 3050 638 3134 appellari
656 3050 824 3131 gestirent!
849 3048 991 3115 sixtus
1004 3048 1073 3136 IV,

131 3155 187 3235 qui
196 3156 362 3222 constituto
373 3155 511 3237 vectigal
529 3170 636 3236 ganeas
649 3154 768 3220 Romae
783 3154 922 3236 publicas
931 3148 1070 3219 admisit!

129 3259 390 3327 Innocentius
409 3260 507 3339 Vlll,
530 3262 568 3326 de
583 3278 648 3340 quo
663 3271 773 3320 notum
788 3259 850 3323 hoc
864 3256 1073 3342 epitaphiumt

210 3389 288 3457 Octo
306 3385 407 3446 Nocens
423 3387 529 3463 pueros
548 3385 663 3458 genuit,
684 3377 857 3462 totidemque
874 3385 999 3459 puellas,

208 3482 291 3543 llu‘ric
306 3485 410 3542 merito
426 3483 532 3560 poteris
550 3478 666 3553 dicere,
684 3478 794 3549 Roma,
811 3470 947 3540 Patrem!

957 3593 1075 3664 Alex·

119 3758 134 3781 r
171 3722 226 3803 (r)
246 3724 313 3785 Sunt
329 3725 396 3786 fere
410 3723 498 3785 rerba
516 3723 700 3795 litaturi,
718 3720 843 3786 desorata
860 3739 878 3784 e
895 3732 1014 3789 omerio
1030 3746 1075 3784 re·

10 3856 15 3865 -
128 3820 613 3981 ugtofmcduqaenuobrlo&
770 3884 774 3889 .

636 3935 656 3978 n
