2438 4426
518 262 704 353 (¹9²)

136 462 211 529 net,
231 444 264 515 iti
279 448 374 531 infirm
396 448 592 533 Reipublicae
609 450 836 519 fundamentum
861 453 989 536 prorsus
1010 455 1083 521 suba

138 572 257 625 vertere
279 556 478 622 uidebantutt
501 555 605 635 qitidni
620 557 677 621 bos
695 558 792 639 capite
811 560 1017 623 damnarent?
1080 580 1083 585 ·

181 660 329 729 Cernitur
343 676 441 725 atatem
458 661 559 726 cadem
585 663 794 728 Helvetiorum
818 661 938 729 indoles
958 665 992 731 in
1019 663 1082 744 ipss

140 766 296 835 emendata
317 762 481 831 Societate.
522 762 568 829 Ut
584 767 746 848 plurimum
770 765 852 834 suun
872 769 910 833 de
935 767 1083 834 societate

142 868 336 941 ecclesiastica
363 870 509 937 rationem
533 872 570 935 ad
591 873 737 939 rationem
753 870 902 938 societatis
915 872 1017 937 ciuilis
1034 876 1083 939 iu·

141 980 313 1049 fundarunt
325 974 505 1043 Christiani.
547 976 602 1043 Uti
620 998 693 1044 vero
713 977 744 1044 in
767 977 898 1046 Ecclesia
921 977 1081 1045 Pontificia

142 1086 244 1155 omniu
259 1080 427 1164 compositu
441 1082 508 1148 sunt
522 1083 558 1146 ad
573 1082 806 1162 Monarchiam‚
829 1083 870 1148 ita
890 1085 929 1149 ad
944 1083 1082 1162 nempe«

140 1190 248 1255 blicam
276 1188 307 1251 in
331 1184 595 1252 Protestantismo.
639 1186 738 1270 Quam
753 1188 784 1251 in
806 1206 867 1251 rem
888 1188 968 1253 veria
981 1187 1084 1268 regioi

138 1312 212 1363 num
227 1288 363 1355 condicio
377 1304 512 1365 magnam
528 1287 588 1348 vim
604 1287 713 1350 babere
730 1287 814 1350 solet.
877 1284 1078 1371 Quiapro'pter

139 1394 243 1481 quiin
268 1388 458 1460 Mottarcliiis
476 1402 507 1449 et
522 1386 641 1464 Regnis
668 1387 780 1449 exstitit
804 1389 1085 1458 Protestantisnius·

141 1498 368 1569 „nimrim
391 1489 535 1573 imprimis
551 1489 598 1549 vel
621 1484 830 1563 oligarchicam
857 1491 962 1553 retulit
983 1497 1086 1559 ratio-

137 1626 226 1685 nem3
252 1602 361 1686 quiin
386 1586 618 1674 Rebuspublicis
644 1586 809 1666 imprimis·
830 1591 1075 1661 democraticum.

137 1712 182 1777 lts
199 1711 248 1772 illo
264 1705 313 1769 liic
330 1704 390 1768 illic
408 1702 439 1764 io
455 1690 632 1768 Germania,
654 1689 726 1755 haec
751 1693 784 1756 in
809 1693 951 1759 Helvetia
966 1714 1081 1765 occur«.
1143 1770 1147 1783 ι

135 1814 187 1881 n't.
249 1809 408 1895 Quatenus
429 1799 548 1881 quidem
585 1793 751 1862 Ecclesiam
796 1797 887 1877 ipsam
916 1798 1079 1867 constituit

138 1915 379 1999 zuinglius,
394 1897 621 1985 Rernpublicom
642 1899 778 1964 condidit
801 1900 1016 1968 Christianam.
1040 1906 1083 1969 In

138 2022 274 2107 Synodis
288 2016 364 2084 enim
383 2008 462 2086 illis,
483 2004 513 2068 in
528 2001 675 2069 Ecclesiae
697 2005 896 2070 Antistitibus
911 2003 970 2070 sive
987 2008 1084 2072 Pres,

139 2130 276 2213 bsceris,
297 2124 327 2187 in
343 2110 477 2183 universa
492 2109 644 2174 societatis
660 2110 758 2176 forma
774 2127 806 2179 et
823 2111 980 2192 disciplina
1002 2131 1084 2178 cunq

137 2238 208 2302 dem
228 2223 427 2310 conspicimus
450 2216 598 2281 libertatis
622 2215 759 2291 sensum,
782 2215 886 2295 quiin
911 2217 1084 2297 Rebuspu·

138 2340 231 2409 blicis
244 2325 387 2405 dominari
401 2324 489 2389 solet.
539 2322 568 2386 E
584 2318 707 2383 vinculo
725 2322 809 2399 quod
823 2320 902 2384 inter
912 2319 1081 2386 Ecclesiam

139 2440 334 2512 acie-immi
351 2424 573 2502 intercedebat,
595 2436 701 2486 mutua
726 2425 872 2502 quaedam
896 2423 1080 2495 exstiterunt

139 2548 250 2615 ‹iffi-h.
291 2542 334 2611 Et
347 2532 545 2613 illogistratus
562 2527 682 2609 quidem
703 2526 855 2593 Ecclefiae
880 2547 969 2607 opem
996 2525 1082 2589 ferre

137 2652 288 2727 achalm,
317 2639 438 2725 quando
461 2635 533 2699 huic
558 2649 608 2694 res
628 2628 704 2692 esset
727 2646 795 2693 cum
816 2629 990 2695 istiusmodi
1021 2631 1081 2692 ho-

137 2754 292 2821 miuibus.
313 2746 367 2829 qui
383 2738 515 2824 peccatis
535 2732 658 2814 prorsus
672 2730 701 2792 sc
724 2733 888 2808 dederant,
910 2748 939 2797 et
962 2736 1073 2801 callum

137 2856 327 2925 ‹edumenm
340 2847 460 2916 snirtiis·
501 2835 620 2903 Deinde
638 2830 829 2911 Magistratui
845 2853 970 2916 quoque
992 2856 1079 2900 com·

138 2966 263 3052 mist
300 2962 348 3025 sus
370 2957 452 3018 circa
474 2945 593 3019 Sacra,
622 2939 719 3002 itaut
742 2938 779 3001 de
809 2938 1000 3004 caerimoniis
1026 2942 1078 3005 vel
1173 3027 1176 3036 Ι

139 3067 343 3141 abweaodis,
362 3060 412 3125 vel
430 3043 670 3120 continuandis,
691 3042 740 3104 vel
751 3040 989 3123 constituendis,
1011 3058 1080 3110 tum

137 3138 229 3241 mistui
243 3172 282 3233 de
305 3180 403 3231 rerum
427 3153 533 3221 ordine
556 3146 783 3224 conservando,
803 3149 903 3228 deque
925 3149 956 3213 id
977 3167 1077 3229 genus

136 3276 206 3347 utils
217 3274 336 3340 iimreca
350 3265 456 3331 ferret.
498 3255 612 3330 Neque
627 3266 725 3315 tamen
743 3271 801 3331 pro
820 3253 917 3319 lubitu
935 3255 1077 3319 eidemin

137 3376 341 3453 bks-timim
356 3363 487 3443 seriari,
507 3353 732 3423 nistEccleliam
751 3356 873 3421 haberet
887 3357 1089 3422 consentiem.

140 3502 217 3557 tem·
257 3474 391 3551 blm-lesia
412 3483 519 3536 eontra
544 3459 736 3541 illogistratui
771 3460 893 3525 obedire
926 3461 1078 3542 debebat,

139 3590 245 3667 ommi
266 3575 682 3653 imtumessetetacqiiun13
705 3582 815 3645 negare
837 3584 911 3630 vero
932 3567 984 3666 sua
1011 3569 1079 3632 offi.

138 3694 210 3763 sili.
246 3690 371 3775 suendo
399 3682 449 3749 ille
479 3674 542 3742 vim
579 3667 690 3734 inferre
721 3682 883 3737 conaretur
915 3668 1079 3743 bominum

142 3792 264 3867 dietis.

990 3874 1077 3941 Haec
