2438 4426
283 504 338 549 mo
365 486 528 566 colloquio
556 487 792 572 Marpurgenst,
823 508 883 569 qua
905 487 1139 571 opportunitate
1169 515 1205 545 ιιι

281 607 355 657 nem
370 589 466 654 movit
483 590 635 672 lapident,
657 607 692 658 ut
708 590 875 657 animorum
893 593 931 656 de
952 589 1031 656 sacra
1051 609 1152 656 coena
1168 589 1195 655 d'

283 692 448 759 sensionem
475 696 662 762 conciliaret.
705 697 840 763 Eandem
866 697 908 760 ob
937 693 1053 759 causant
1078 693 1219 776 deincep

280 800 429 864 multaad
449 796 670 865 Lutherunt
693 815 723 865 et
745 800 985 882 zuinglium
1006 795 1082 864 fecit
1105 798 1212 864 itinera

285 900 422 969 Tandem
440 904 531 970 variis
554 906 636 971 ultro
658 904 799 988 citroque
820 904 931 970 habitis
956 902 1145 983 colloquiis,
1198 933 1206 957 ι

278 1008 353 1093 ,pita
380 1008 564 1075 Concordiae
592 1009 860 1094 Vittenbergenses
895 1008 974 1073 inter
1004 1021 1036 1071 et
1057 1006 1219 1089 superiori

281 1111 469 1178 Germaniae
493 1113 701 1197 'Theologos‚
729 1116 905 1181 auctoribus
929 1111 1217 1178 Melanchton

283 1227 314 1278 et
334 1216 512 1299 Bucero,
529 1219 692 1285 constituta
706 1218 785 1284 sunt.
808 1219 902 1284 Hisce
921 1217 1144 1294 Luthetus‚
1158 1216 1214 1285 Ca

282 1317 369 1398 pito
387 1317 498 1398 aliique
513 1321 659 1383 calculum
676 1317 762 1385 suurn
783 1322 977 1397 adiecerunt,
998 1336 1146 1401 negarunt
1175 1339 1207 1385 v·

283 1439 318 1485 ro
335 1419 492 1504 Theologi
504 1423 659 1504 Helvetii,
682 1423 734 1503 qui
750 1434 882 1491 amorem
898 1425 1107 1491 Christianum
1131 1423 1214 1490 maxi

283 1545 333 1592 me
365 1527 536 1593 sectandum
569 1527 654 1605 esse,
684 1545 740 1592 nec
761 1538 881 1604 tamen,
911 1542 946 1592 ut
971 1547 1038 1592 eunt
1064 1529 1208 1592 colerent

283 1631 402 1698 veritati
429 1632 490 1696 vint
512 1629 694 1698 inferendam
714 1632 777 1698 esse
800 1631 990 1698 censuerunt.
1035 1630 1213 1697 Timuerun

282 1751 381 1801 autem
406 1737 546 1801 nonnulli
565 1736 621 1800 viti
645 1738 746 1817 docti,
768 1755 807 1801 ne
828 1736 1008 1814 Boeoto,
1039 1733 1219 1797 concordia

281 1855 352 1903 cunt
372 1835 559 1905 Luthero
576 1833 781 1907 conciliandae
798 1841 905 1906 ardore
919 1842 1063 1920 abrepto,
1084 1833 1213 1914 idemac

280 1941 416 2022 cideret,
437 1945 524 2025 quod
536 1943 597 2011 illis
611 1947 744 2013 accidere
759 1946 856 2025 solet,
877 1942 931 2025 qui
947 1962 1019 2024 prae
1041 1940 1133 2006 nimia
1158 1942 1215 2008 vin

280 2047 422 2112 aviditate
449 2047 533 2117 feces
564 2051 653 2117 etiam
674 2052 842 2117 haurirent.
895 2051 1055 2116 Caeterum
1080 2044 1219 2111 adveriu

281 2150 462 2220 Pontificios
486 2146 605 2233 strenue
628 2155 870 2235 Reformationis
904 2153 1019 2220 causant
1046 2140 1213 2216 vindicavit

281 2258 359 2342 Quo
382 2258 496 2325 factum
519 2263 626 2335 enam,
656 2277 692 2326 ut
713 2258 774 2324 sese
800 2278 890 2340 quant
907 2257 1034 2323 maxime
1054 2246 1219 2335 opponere

282 2361 406 2430 decreto
422 2365 487 2442 illi,
508 2369 594 2446 quod
613 2367 742 2432 Interim
764 2363 895 2440 dicitur,
916 2361 947 2425 in
968 2381 1031 2442 quo
1049 2355 1174 2422 nimium
1194 2374 1212 2419 e

282 2466 440 2559 videbatur
461 2469 636 2537 concessum
655 2473 718 2536 esse
733 2466 911 2534 Pontificiis.
956 2466 1037 2531 Hinc
1061 2463 1092 2526 in
1111 2477 1217 2543 magn·

282 2571 362 2635 vitae
381 2571 517 2651 periculo
536 2575 727 2651 versabatur,
750 2575 835 2652 quod
849 2569 927 2635 se'in
949 2562 1103 2650 Angliatn'
1116 2557 1210 2648 recip'

282 2661 363 2735 endo
380 2672 508 2736 feliciter
522 2674 641 2756 effugit.¹
685 2678 768 2740 lnter
780 2671 1048 2752 praellantisstntos
1068 2686 1167 2737 autent
1185 2671 1209 2735 il

282 2776 343 2839 lius
359 2774 424 2838 aevi
446 2775 627 2857 Theologos
644 2778 823 2841 Bucerus
844 2773 975 2850 habitus.
992 2789 1049 2838 est.
1092 2778 1142 2845 Eo
1159 2792 1219 2840 eta

281 2877 425 2963 ingenio,
455 2859 491 2944 t'tt
516 2879 701 2961 adversarios
728 2877 875 2961 patienter
898 2878 1158 2958 audiret31eniter
1183 2877 1219 2942 ii

282 2983 498 3068 responderet,
524 2982 608 3067 pacis
632 2999 664 3050 et
685 2981 821 3050 veritatis
844 2983 1019 3067 potiorem,
1052 2982 1139 3065 q'uatn
1158 2968 1210 3050 vi'c

282 3090 379 3169 toriae
418 3078 520 3155 euram
556 3087 692 3154 haberet.
743 3087 849 3156 Morte
872 3087 974 3174 docet,
1004 3093 1071 3160 rita
1100 3076 1204 3156 docuit

284 3191 440 3262 Christum
456 3191 514 3272 esst·
524 3190 713 3278 sequendum
731 3194 749 3279 (
769 3196 801 3279 ).
935 3190 942 3203 ’

320 3419 715 3502 (r)lldauus,invita
