2550 4426
498 254 573 370 ξ’(
616 271 736 383 ¹95⁴)
821 297 823 303 ’

163 486 291 559 eaptus.
335 473 574 541 Nonconvenit
586 474 683 567 igitur.
698 471 811 564 sacrum
827 477 952 545 cultum
970 473 1117 544 caerimo-

160 578 232 654 niis
255 577 583 659 ritibusqueabsoivi,
606 577 718 657 quibus
742 579 860 672 animus
883 582 1119 649 auertentem

165 680 355 762 impellitur,
369 682 454 764 'quae
473 683 574 749 seusus
601 683 765 749 oblectant.
810 683 964 769 Quocirca
990 704 1026 748 ex
1039 684 1121 754 aedi·

163 786 243 859 hus„
253 783 340 853 sacris
358 787 445 853 etiam
465 788 633 868 amovenda
649 785 852 865 semonnia,
874 788 1040 868 imagines,
1054 806 1121 854 nru-

173 889 249 956 srcae
265 889 391 971 quaevis
406 891 622 968 instrumento,
644 889 804 972 omnisque
819 889 958 972 splendor
985 905 1015 955 et
1032 907 1122 972 pour·

173 1016 237 1079 pa,
258 995 372 1075 quibus
387 996 504 1061 animus
521 999 558 1062 ad
575 997 674 1062 diuina
689 996 902 1079 perpendenda
924 995 1026 1059 minus
1054 997 1122 1061 red.

174 1101 257 1164 ditur·
279 1100 428 1178 idoneus,
449 1100 749 1191 idemqueprecjbus
766 1100 846 1164 haud
865 1098 905 1163 ita
930 1098 1018 1164 facile
1045 1100 1075 1164 se
1090 1119 1123 1163 e·

175 1206 272 1286 rigere
291 1206 386 1284 possrt
401 1206 437 1271 ad
451 1207 573 1289 Deum,
601 1208 654 1288 qui
679 1207 810 1288 Spiritus
830 1218 877 1268 est
898 1204 1119 1286 ontnipraesens

176 1310 407 1377 etor'nniscius.
473 1340 475 1346 ·
516 1323 518 1329 '
615 1374 618 1378 ,
790 1376 793 1381 .
893 1323 899 1331 “
944 1322 971 1331 ”
1019 1378 1023 1383 .

217 1413 252 1477 In
268 1434 307 1477 eo
323 1429 420 1478 autem
441 1434 514 1481 vera
530 1413 628 1497 pietas
645 1407 805 1492 couhstit,
828 1412 912 1492 quod
930 1411 1122 1478 Christianus
1175 1405 1176 1408 ’

174 1517 271 1582 homo
291 1521 329 1584 de
341 1519 441 1583 animi
452 1521 647 1601 perversrtate
661 1515 774 1580 fincere
794 1517 920 1593 doleat,
936 1519 973 1582 ad
992 1518 1051 1583 Dei
1066 1535 1124 1598 per

173 1634 335 1700 Christum
363 1635 522 1718 confugiat
550 1629 745 1700 elementiam
777 1645 807 1692 et
827 1626 940 1707 χάριν,
972 1634 1011 1697 ab
1039 1631 1124 1697 omni

170 1755 303 1818 „peccato
317 1741 498 1819 abhorreat,
521 1737 742 1809 seseemendet
769 1738 958 1817 omnemque
977 1738 1124 1803 uirtutem
1232 1819 1237 1829 x

174 1839 325 1919 sectetur,
348 1858 381 1906 ut
397 1843 438 1907 ita
463 1859 581 1923 gratum
601 1843 672 1906 Deo
696 1837 824 1918 praestet
847 1843 1001 1917 animum,
1028 1842 1124 1922 seque

171 1943 318 2006 ostendat
346 1944 544 2009 coniunctum
580 1960 650 2008 cunr
678 1942 828 2019 Christo,
864 1959 963 2024 atque,
987 1960 1125 2010 aeternae

173 2047 251 2112 olim
275 2047 450 2127 felicitatis,
472 2066 489 2113 a
512 2035 647 2113 Domino
675 2043 728 2108 suo
749 2062 949 2124 procuratae,
971 2049 1125 2130 particeps

172 2149 302 2215 ⁴futurus
322 2148 368 2215 stt.
413 2153 506 2216 Nulla
519 2162 591 2216 u'ero
610 2143 691 2213 ritae
705 2167 775 2228 pars
791 2149 843 2230 (ut
858 2151 1018 2216 Ciceronis
1033 2154 1126 2218 verba

151 2255 210 2319 'in
232 2272 293 2317 rem
312 2252 408 2319 meant
423 2255 639 2337 convertam),
660 2271 760 2333 neque
777 2252 928 2334 publicis,
949 2272 1051 2336 neque
1064 2254 1127 2337 pri-

171 2358 280 2432 uatis,
302 2356 608 2440 neque-forensibus,
628 2377 731 2438 neque
757 2359 932 2424 domesticis
946 2361 987 2447 *iu
1012 2361 1126 2440 rebus,

172 2464 278 2538 neque
295 2461 317 2527 fi
334 2459 433 2527 tecum
451 2460 531 2545 agas
545 2464 650 2544 quid,
670 2480 769 2541 neque
790 2460 818 2525 sr
833 2481 902 2528 curn
932 2467 1029 2531 altero
1051 2482 1128 2530 con·

172 2565 298 2645 trahas,
319 2568 425 2633 vacare
441 2568 542 2634 officio
557 2579 673 2650 potest.
717 2566 834 2632 Omnes
853 2567 1128 2653 impriu'hppor-

178 2682 227 2774 ret
233 2717 245 2748 ,
266 2672 422 2737 coniuncti
438 2671 494 2739 srnt
507 2673 593 2738 cives
605 2688 709 2734 amore
722 2671 831 2738 mutuo
844 2691 915 2738 vere
931 2675 1126 2756 Christiano,

173 2786 241 2858 quo
257 2779 336 2844 bene
351 2781 388 2843 de
410 2777 439 2842 se
458 2775 586 2845 inuicem
605 2775 750 2854 sentiant,
773 2795 807 2842 ac
821 2775 875 2842 ubi
890 2777 1018 2844 invicem
1032 2797 1127 2860 opem

169 2880 294 2958 ierant-3
318 2879 445 2960 benigni
459 2895 560 2943 autem
575 2877 604 2941 se
621 2880 771 2960 praestent
788 2899 860 2960 erga
873 2880 978 2944 omnes
999 2883 1127 2945 omnino

177 2982 330 3042 homines.
375 2980 655 3058 Patriamquoque
679 2999 777 3042 amare
801 2983 937 3057 debent,
960 2983 1025 3045 eius
1041 3001 1126 3046 com-

178 3079 281 3147 modis
301 3076 466 3158 inservire,
498 3083 626 3156 eamque
648 3079 727 3142 tueri
748 3079 786 3142 ab
811 3079 948 3145 hostiurn
975 3082 1014 3147 vi'
1029 3095 1060 3146 et
1080 3081 1127 3148 iu-

171 3184 268 3248 ·iuria.
516 3196 519 3201 “

220 3289 287 3352 Hac
313 3285 431 3350 ratione
458 3281 624 3351 Christiani
641 3280 670 3349 se
694 3281 808 3369 Spiritu
822 3282 856 3353 S.
875 3284 1050 3372 obsignatus
1074 3290 1129 3359 de-

153 3388 416 3467 ·nr'onstrabunt;
446 3389 486 3452 ita
514 3391 675 3469 probatum
702 3393 811 3467 ibunt,
834 3392 953 3455 huncce
980 3393 1128 3474 Spiritum

179 3492 432 3574 DeiChristique
441 3491 471 3558 in
487 3493 525 3556 iis
541 3492 675 3559 habitare
692 3513 750 3560 ceu
767 3494 797 3558 in
812 3496 930 3575 templo
944 3496 999 3562 suo
1010 3498 1126 3566 sancto.

221 3597 374 3684 Quamdiu
400 3611 500 3663 autern
524 3597 618 3662 huius
646 3596 794 3664 societatis
817 3599 902 3665 ciues
923 3597 1002 3667 hanc
1033 3603 1126 3671 vitam

119 3767 122 3776 ,
180 3718 276 3785 agunt
299 3716 491 3780 terrestrem,
519 3702 669 3786 perpetuo
697 3705 736 3768 iis
759 3705 934 3771 instandum
967 3705 1025 3772 en't
1054 3729 1127 3776 curn

133 3819 136 3827 ·
168 3803 371 3887 -vitiosuatis,
392 3804 431 3872 iis
451 3805 575 3892 infirae,
590 3807 636 3874 >vi
659 3806 915 3896 inexpugnabili3
935 3814 1132 3895 :arperseve-

335 3929 348 3954 ‘
632 3911 708 3977 Na
1062 3933 1131 3980 ran·
