2438 4426
432 202 691 322 *lsai

543 401 645 484 sm.

126 550 134 559 ’
214 547 322 638 Cernis
341 566 514 636 nebeten
533 565 647 633 indoles
667 579 697 632 et
717 568 876 652 reginaro
896 573 980 636 ratio

324 670 370 738 ad
386 671 602 776 instituendam
622 669 885 754 Rq‘urorationuo

493 775 564 860 fuit
583 775 705 842 idonea.

130 966 134 975 ’
174 945 257 1012 Cum
276 960 384 1013 uerna
405 942 507 1026 gentis
529 943 685 1009 indolere
702 940 860 1024 regiminis
882 940 982 1008 forma
1000 959 1076 1026 pen-

134 1051 204 1116 dere
224 1048 305 1112 varia
322 1048 389 1113 eius
406 1046 543 1114 instituta
571 1045 737 1129 saepisfime
752 1047 905 1127 vidimus,
926 1066 1076 1130 quaenam

129 1153 213 1218 esset
229 1152 392 1232 utriusque
407 1151 500 1216 huius
510 1152 593 1234 apud
608 1150 772 1217 Helvetios
791 1151 952 1232 conditio,
974 1151 1077 1218 habita

133 1257 295 1323 Sacrorum
316 1253 549 1322 Emendationis
569 1239 716 1335 ratione,
729 1253 900 1322 observasse
922 1257 1077 1323 haud-abs

130 1370 167 1426 're
191 1362 328 1427 uidetur.
378 1359 441 1426 Iam
472 1359 590 1425 cuidam
619 1360 780 1427 Helvetios
807 1360 1079 1439 animadvertenti,

134 1480 221 1532 anter
251 1465 408 1532 Romanae
440 1464 592 1532 Ecclesiae
622 1462 782 1544 addictos,
810 1483 893 1530 nunc
918 1484 993 1530 vero
1019 1463 1080 1530 ieie

136 1570 174 1634 ad
186 1565 451 1633 Reformationem
469 1567 511 1632 ita
530 1566 700 1650 propensos
718 1569 934 1649 ostendentes,
954 1580 991 1634 ut
1006 1587 1081 1632 mox

136 1691 250 1740 novam
280 1671 448 1736 conderent
472 1669 683 1749 sodalitatem,
717 1670 790 1738 haec
821 1672 902 1738 forte
933 1671 1083 1739 succurrit

137 1777 300 1859 quaestio,
321 1789 424 1839 utrum
440 1775 529 1841 iidem
544 1777 576 1843 in
597 1776 653 1840 hac
668 1775 776 1859 agendi
795 1775 967 1843 diverlitate
984 1776 1083 1843 serva-

135 1880 241 1946 -verint
264 1879 421 1958 indolem,
449 1899 488 1945 an
510 1899 585 1947 vero
606 1883 800 1949 mutaverint.
843 1883 894 1950 Ex
917 1882 1078 1964 iis,‘quae

140 1999 229 2051 antea
249 2001 288 2048 cx
304 2002 412 2048 eornm
427 1985 566 2052 Historia
581 2004 653 2050 com
669 1986 773 2065 civili,
794 2000 859 2052 tum
874 1985 1086 2054 Ecclesiastico

134 2089 340 2164 notavimus,
371 2086 461 2153 facile
482 2089 653 2170 colligimus
676 2108 753 2166 eos,
782 2103 817 2154 ut
844 2088 998 2170 ingenium
1025 2088 1086 2153 lese

133 2192 246 2261 ‘senl'rm
268 2192 472 2274 paulatimque
488 2192 658 2275 explicuit,
687 2194 808 2258 eandem
831 2208 931 2258 tamen
949 2183 1084 2257 'univer-

134 2297 174 2364 -ie
196 2297 327 2363 seruasse
345 2297 488 2364 indolem.
535 2296 664 2364 Difficile
681 2310 782 2363 autem
803 2311 948 2380 gentem,
968 2294 1020 2362 etii
1035 2294 1088 2359 vel

145 2420 283 2487 magnam
307 2402 431 2467 subierit
451 2421 553 2469 rerum
574 2401 868 2483 commutationem,
897 2413 1089 2468 commutare

145 2507 301 2585 indolem,
320 2506 457 2573 Historia
471 2508 563 2574 nobis
578 2505 668 2572 testis
686 2521 745 2571 est.
772 2507 818 2572 lta
833 2527 865 2572 v.
884 2527 913 2572 c.
930 2502 1088 2582 Hebraei,

135 2613 201 2695 'qui
215 2628 285 2676 ante
302 2609 436 2675 exfilium
456 2608 682 2693 Babylonicum
701 2610 732 2677 se
756 2611 795 2677 ad
818 2610 979 2676 idolorum
993 2607 1090 2691 pluri-

135 2735 263 2798 umque
281 2716 418 2782 Deorum
440 2719 558 2783 cultum
583 2717 670 2781 valde
694 2711 888 2797 propensos,
907 2728 1016 2798 postea
1037 2733 1092 2780 au·

131 2838 212 2888 uem
238 2819 378 2886 universe
395 2822 434 2886 ab
456 2839 497 2885 eo
513 2820 708 2885 vehementer
729 2819 847 2885 alienos
871 2823 1092 2898 ostenderunt,

148 2927 181 2994 in
213 2927 269 2992 hac
291 2926 402 3010 agendi
416 2971 420 2978 ·
436 2924 628 3004 diverfitate,
663 2925 787 2990 eandem
814 2922 972 2992 servarunt
1004 2925 1093 2989 indo·

136 3033 208 3098 -lem
228 3031 299 3114 (r).
341 3030 425 3095 Idem
440 3044 571 3097 testatur
588 3030 724 3096 Arabum
746 3032 938 3110 exemplum,
959 3027 1035 3108 qui,
1056 3024 1093 3088 ri.

137 3151 219 3212 -cet,
243 3136 462 3202 Muhammede
483 3151 630 3210 anctore,
653 3131 922 3196 commutationem
946 3127 1095 3196 subierint

151 3258 245 3306 unam
269 3240 301 3303 in
320 3241 426 3321 paucis
442 3236 667 3320 gravisimum,
690 3234 822 3313 indolem
844 3249 946 3298 tamen
967 3235 1095 3299 eandem

153 3344 280 3425 omnino
290 3342 534 3408 manifestarunt.
559 3341 674 3403 Verum
688 3357 727 3405 ne
734 3339 826 3403 nimis
839 3338 1000 3420 peregrina
1007 3336 1095 3402 affer·

136 3465 190 3513 rc
213 3446 388 3529 videamur,
410 3444 493 3530 ipsos
511 3447 666 3512 attendere
682 3445 769 3512 lubet
783 3445 918 3526 populos
934 3442 1097 3510 Germani-

1023 3567 1092 3615 cos.

193 3676 249 3756 (r)
267 3678 353 3756 Quod
372 3680 487 3754 egregie
509 3679 607 3740 docuit
631 3681 733 3739 amicus
759 3678 787 3760 J.
810 3676 1041 3746 Gerritzen,
1067 3676 1097 3732 in

156 3773 316 3834 Commeat.
345 3775 382 3833 de
408 3774 461 3833 hac
489 3774 671 3848 questione,
689 3774 771 3835 obvia
789 3774 817 3832 in
835 3771 987 3834 Aurelius
1007 3769 1097 3832 Acal.

138 3865 334 3931 libanitae.
356 3863 401 3931 2⁰.
419 3869 589 3944 alas-1824.
