2438 4426
302 711 356 826 De
373 749 607 838 Resurrectione
626 762 818 827 mortuorum
839 755 907 844 (1)0

153 1006 158 1013 .
180 987 202 1031 „
221 945 415 1015 Resurrectio
429 959 619 1012 mortuorum
636 938 781 1011 Hebraeis·
800 965 864 1012 non
888 938 1006 1031 semper
1032 962 1081 1014 at»

135 1052 252 1134 cipitur
273 1071 331 1135 pro
355 1051 453 1118 carnis
479 1049 537 1113 iata
558 1046 694 1129 suprema
715 1048 935 1116 resurrectione
949 1073 1007 1134 -3
1028 1052 1082 1119 sed

135 1154 257 1222 interim
273 1175 333 1237 pro
349 1156 425 1235 hac,
447 1153 564 1217 interim
581 1172 656 1217 vero
669 1167 728 1233 pro
748 1146 912 1221 constantia
936 1169 989 1221 aut
1014 1170 1081 1236 per·

136 1259 296 1326 duratione
316 1260 451 1334 animae,
474 1277 535 1338 qua
559 1277 689 1338 corpore
714 1257 811 1323 soluta
832 1259 865 1322 in
882 1259 944 1329 vita
964 1259 1092 1341 constat

135 1385 172 1430 ac
192 1368 303 1440 durat,
324 1382 389 1429 uon
405 1362 513 1428 somno
524 1375 577 1425 aut
590 1376 688 1426 morte
702 1362 858 1443 depressaa
880 1382 982 1445 neque
1000 1365 1082 1428 enim

134 1484 241 1552 potest
258 1468 399 1551 deprimi.
442 1464 566 1546 lehosue
585 1478 616 1546 70
627 1466 825 1547 ’steloquirnr
839 1468 991 1535 Dominus
1002 1489 1082 1534 :non

133 1588 302 1662 potuerunt
313 1570 379 1654 filii
394 1568 638 1654 Israe'lsurgere
652 1592 755 1636 eoram
773 1570 904 1637 hostibus
916 1567 994 1651 suis.
1038 1574 1082 1640 Et

136 1681 230 1760 paulo
241 1692 334 1758 poeta
355 1698 416 1740 non
425 1679 545 1763 poteris
552 1673 685 1759 fingere
699 1691 772 1740 ante
790 1679 884 1742 hostes
905 1686 983 1741 tuos.
1020 1676 1081 1742 Hic

136 1780 304 1861 utrobique
326 1780 452 1862 ponitur
474 1777 607 1862 surgere
624 1799 685 1860 pro
707 1781 861 1864 conststere
876 1794 911 1847 ac
924 1773 1086 1868 perdura.

135 1907 187 1950 re.
208 1916 238 1935 ··
257 1887 377 1967 Martii.
396 1907 447 1951 22.
468 1883 508 1949 src
523 1884 662 1965 loquitur
677 1885 841 1951 Christus:
864 1886 902 1951 de
928 1870 1083 1966 resurrec·

135 1995 219 2071 tione
230 2004 422 2056 mortuorum
436 2014 496 2056 non
512 1991 646 2072 legistis,
667 1985 750 2073 quod
769 1982 882 2054 dictum
904 2003 947 2053 ert
972 1990 1083 2054 aDeo

135 2095 254 2162 dicente
282 2095 384 2163 vobis:
414 2095 484 2179 Ego
508 2093 574 2167 (rem
599 2094 687 2158 Deus
707 2086 913 2170 Abranadm,
941 2107 971 2158 et
994 2092 1082 2158 Deus

136 2199 226 2272 Isae'ie
249 2214 279 2263 et
298 2199 384 2263 Deus
408 2196 521 2260 Iacob?
540 2197 615 2262 Non
637 2210 680 2261 est
694 2197 781 2261 Deus
796 2212 1008 2278 mortuorum,
1022 2194 1085 2279 sed

135 2309 317 2374 uiuentium.
359 2303 430 2388 Qua
449 2299 640 2381 responsione
662 2301 736 2364 nihil
754 2301 837 2367 aliud
858 2302 968 2381 docet,
990 2319 1081 2384 quam

135 2411 228 2473 vivos
256 2404 320 2471 esse
346 2404 522 2483 Abrabam,
554 2405 634 2473 Isaac
657 2420 688 2470 et
709 2407 824 2485 Iacob,
852 2405 964 2471 etiamsi
982 2406 1082 2472 esseut

136 2513 268 2579 mortui:
292 2530 371 2591 quos
385 2511 551 2574 Sadducaei
567 2523 619 2573 aut
633 2509 760 2591 prorsus
783 2511 932 2590 negabant
944 2506 1081 2592 resurge

135 2634 192 2697 re,
213 2618 273 2680 hoc
293 2629 363 2694 est,
383 2614 497 2679 uivere.
521 2642 556 2658 ·
577 2613 652 2678 Non
671 2615 753 2681 enim
772 2615 900 2697 quadrat
924 2612 1079 2696 responfio

134 2721 254 2790 Christi
277 2720 315 2783 ad
339 2716 587 2783 resurrectionem
608 2718 727 2796 carnis,
755 2717 810 2784 sed
833 2721 872 2784 ad
892 2716 974 2797 hoc,
996 2714 1082 2800 quod

133 2823 327 2900 Abrahaim,
348 2819 428 2886 Isaic
447 2836 477 2884 et
500 2823 611 2902 Iacob,
632 2815 742 2887 etiamst
761 2823 873 2888 mortui
893 2816 1013 2901 essent,
1033 2822 1080 2886 vi·-

130 2941 251 2991 verent.
295 2914 392 2989 Heir.
415 2945 464 2988 11.
481 2925 521 2991 stc
535 2927 673 3006 loquitur
692 2922 821 2989 Paulus:
843 2924 903 2987 alii
922 2944 995 2990 nero
1019 2916 1081 2989 dira

134 3031 214 3092 tenti
232 3043 290 3093 aut
303 3026 548 3110 crucifixisunt,
568 3029 686 3094 nullam
707 3032 881 3113 recipientes
902 3027 1081 3112 redemptio·

991 3146 1081 3214 nem,

171 3299 225 3377 (r)
256 3293 360 3376 Neque
383 3291 475 3360 hoece
505 3301 657 3375 placitum,
684 3302 819 3372 quatenus
844 3286 882 3356 de
906 3309 943 3356 eo
965 3287 1079 3358 senserit-

132 3396 182 3453 Zu
191 3397 358 3470 iuglius‚
375 3389 486 3470 prorsus
493 3396 687 3468 negligendum
699 3393 834 3464 videtur,
852 3398 1013 3467 quamquam
1023 3394 1076 3449 mia

131 3506 241 3558 ramur,
263 3490 300 3547 de
325 3506 364 3548 eo
380 3492 447 3547 nihii
470 3492 588 3563 reperiri
607 3491 634 3546 in
666 3489 755 3557 libro,
774 3489 855 3564 saepe
878 3487 1002 3546 laudator
1030 3478 1097 3549 Ma'

131 3578 1100 3658 HuldreichZuinglis‚simmtlici'esclirrfienimdura;

130 3694 216 3750 ange,
239 3679 399 3735 auctormus
428 3679 575 3740 Leone
600 3679 751 3738 Usteri
783 3692 812 3736 et
838 3673 1075 3739 'Salomvd⁴

131 3771 273 3841 geliu,
296 3773 345 3841 qui
363 3773 436 3831 siber
458 3776 640 3849 caeteroquin
665 3771 703 3832 de
726 3785 790 3831 toto
813 3771 869 3830 hoc
898 3770 990 3844 capite
1008 3786 1101 3832 eon·-

95 3849 103 3861 ’
131 3857 266 3922 ferendus
285 3880 338 3959 eat.
