2438 4426
495 281 678 373 ,(39)
777 248 798 301 ’·

162 466 224 532 Sed
236 465 297 530 iam
311 467 349 530 ad
365 463 458 546 ipsam
473 467 609 550 propius*
623 467 801 532 accedamus
821 466 1013 553 Helvetium,
1033 471 1069 571 in

118 588 183 672 qua
202 569 281 636 saec.
303 570 372 640 XII.
389 570 586 637 humanitatis
609 588 639 637 ct
658 570 821 652 probitatis
838 572 934 641 studia
950 578 1001 641 vel
1017 595 1069 643 ex·

117 677 251 755 citavit,
271 678 320 738 vel
340 676 414 740 aluit
437 679 648 744 Arnoldus
669 677 944 743 uresciensis.

165 783 197 845 Is
216 800 233 843 e
251 779 387 857 steen,
408 779 573 862 superioris
597 779 698 848 ltaliae
719 781 817 860 urbe,
836 783 1010 864 oriundus,
1029 784 1069 852 ab
1119 782 1122 789 ’

122 883 354 952 Abaelardo
375 882 531 950 institutus
555 885 637 961 fuit,
658 899 781 951 etcum
802 887 940 968 antiquis
959 871 1072 954 llistoss

11 994 19 1005 “
120 991 196 1056 ricis
213 1006 245 1054 et
260 988 508 1069 Iurisconsultis‚
529 1003 560 1054 et
576 1004 732 1070 praeterea
749 1009 819 1055 cum
837 991 956 1072 placitis
977 993 1072 1074 Mys·

121 1097 274 1171 ficorum,
290 1095 486 1160 Valdenfium
502 1109 533 1160 et
547 1093 753 1160 Catharorum
766 1113 905 1176 magnam
920 1097 1072 1163 contraxit

120 1198 365 1265 familiaritatem.
386 1198 510 1262 Novam
527 1198 630 1263 sibiet
645 1197 827 1279 peculiarem
843 1201 881 1264 de
896 1199 1071 1282 Republica

118 1291 213 1385 atque
230 1298 386 1378 Ecclefia3
411 1302 589 1384 Religionis
615 1302 808 1368 Christianae
830 1305 926 1371 indoli
955 1322 1071 1371 conve·

122 1410 264 1482 menter,
284 1404 496 1471 constituenda
512 1406 657 1472 formavit
679 1406 819 1488 speciem.
863 1408 937 1493 Quo
953 1408 1070 1483 maiore

123 1529 223 1577 autem
238 1509 270 1572 in
289 1508 429 1573 docendo
444 1508 577 1588 polleret
596 1510 798 1590 auctoritate,
819 1512 1007 1580 Monachico
1026 1509 1071 1575 se·

122 1616 154 1682 sc
178 1613 277 1680 ordini
301 1611 448 1680 aditmxit.
499 1606 685 1696 Eloquentia
713 1616 792 1680 eninr
825 1633 933 1698 magna
955 1616 1070 1696 valuit,

124 1736 155 1786 et
178 1719 342 1785 sobrietate
368 1716 500 1783 maxime
521 1718 582 1785 fuit
596 1723 715 1799 clarus,
736 1721 776 1784 ita
792 1733 827 1783 ut
847 1740 917 1785 curn
931 1719 1072 1785 Iohan-

123 1846 170 1892 ne
189 1835 417 1904 compareretur
437 1823 636 1904 Baptista.
665 1826 729 1892 lam
743 1825 874 1891 docendi
891 1842 1003 1889 munus
1018 1843 1072 1908 ag·

124 1928 246 2012 gressus
262 1928 356 1994 estin
376 1925 439 2008 ipsa
448 1928 545 2008 patria
555 1929 764 2008 Lombardia3
785 1929 1070 1999 verumaConcilio

124 2033 338 2112 Laterancnli‚
359 2033 478 2114 (1139)
500 2046 625 2098 auctore
647 2033 796 2101 Pontifice
814 2033 1070 2099 Innocentio

124 2139 181 2204 Ill.
202 2137 333 2215 habitu,
352 2137 595 2223 condemnatus,
626 2136 779 2217 Tiguruna
798 2134 925 2200 seccsfit.
948 2169 978 2185 -
997 2137 1073 2201 Per.

123 2242 269 2324 stringere
288 2239 427 2324 inprimis
459 2237 573 2312 solebat
600 2240 676 2306 vitia
701 2238 886 2322 Pontificio,
913 2252 947 2304 et
971 2239 1072 2307 Cleri-

120 2366 243 2417 corum.

196 2548 292 2571 ...-
324 2550 417 2570 ..-
450 2547 542 2574 -ιι
575 2515 747 2588 clerumque
770 2512 886 2587 procaci

192 2613 333 2672 insectans
350 2609 435 2680 odio,
455 2605 660 2669 Monacltorum
676 2607 826 2667 acerrimus
849 2607 959 2683 hostia,
1055 2662 1061 2695 r

198 2706 293 2765 Plebis
310 2703 458 2773 adalmot,
474 2699 595 2775 gaudens
618 2701 796 2774 popularibus
813 2704 897 2764 auris.

198 2797 372 2869 Pontffices,
395 2797 540 2870 ipsumque
559 2796 635 2867 gravi
659 2796 813 2857 corrodere
836 2798 929 2871 lingua

197 2893 328 2954 Andebat
346 2894 468 2968 Papam,
485 2892 674 2963 scelerataque
692 2891 820 2966 dogmata
836 2896 924 2968 vulgo

198 2987 381 3058 pitanaeus,
404 2989 486 3046 variis
508 2986 637 3062 implebat
659 2987 777 3046 vocibus
793 3002 885 3048 aures.

198 3085 248 3144 Nil
269 3083 414 3159 proprium
435 3084 537 3151 Cleri,
560 3080 683 3150 fundos,
706 3095 736 3138 ct
757 3069 870 3156 praedia
884 3081 958 3138 nulla

197 3179 265 3237 Iure
288 3178 368 3253 sequi
389 3177 569 3244 Monachos,
590 3177 658 3235 nulli
677 3173 777 3232 fiscalia
793 3180 851 3233 iura

200 3271 388 3343 Pontificum,
410 3274 479 3331 nulli
498 3284 582 3331 curae
604 3269 741 3342 popularis
756 3268 893 3328 honorem

198 3364 337 3425 Abbatun
355 3367 440 3427 sacras
465 3365 592 3424 referens
616 3360 775 3418 concedere
796 3363 885 3434 leges.

200 3459 298 3527 Omnia
320 3461 494 3534 Principibus
515 3460 635 3519 terrenis
654 3458 780 3529 subdita,
803 3445 907 3519 tantum

122 3622 126 3628 ⁴
197 3554 405 3615 Committenda
426 3558 494 3634 uiris
516 3558 716 3641 popularibus,
736 3569 819 3631 atque
836 3553 975 3630 regenda.

123 3820 127 3826 Ι
199 3779 294 3807 ...-
313 3750 481 3822 nolletque
498 3753 597 3822 cibos,
610 3754 763 3823 cultamque
779 3751 919 3833 nitorem,
1110 3818 1118 3837 Ι

198 3841 373 3925 ωὶςίωηῑῑθ
394 3843 498 3930 iocos,
519 3849 676 3943 lascivaque
693 3847 790 3931 gaudia
807 3848 904 3945 cleti,
960 3887 964 3892 -
1016 3850 1020 3856 '
1053 3879 1060 3917 :

992 3943 1066 3998 Pon·
